2286 4042
140 217 209 280 m
367 217 634 300 Operatione-s
657 218 906 309 ingerimus„

146 421 207 474 trm
230 411 354 483 mundo,
391 420 424 474 et
456 416 571 477 omnino
598 414 829 476 idem'medicus
847 413 1093 476 etmedionmen·

126 520 225 584 ¹tom,
248 533 306 592 quo
328 524 473 575 sonentur
492 523 621 595 peceato
642 515 818 592 animorum,
855 534 911 596 quo
933 520 966 575 et
985 516 1097 576 iibere*

147 631 212 672 mur
232 615 269 672 ob
292 611 369 673 omni
392 614 478 680 meio.

30 830 32 843 Ι
162 741 166 749 ’
229 747 287 808 Est
316 747 415 830 itaque
446 766 571 810 sensns:
613 751 682 833 Ego
713 733 835 812 salutem
868 766 963 827 neque
995 746 1024 806 in
1046 766 1094 806 me

36 874 41 907 z
150 865 246 928 neque
268 846 333 907 ullis
355 845 516 907 hominibus
538 870 660 929 quaero,
682 872 759 912 runo
774 850 846 910 enim
868 846 1093 919 utriushominis,

100 1000 107 1015 ,
146 946 241 1007 libens
272 967 290 1007 e
322 967 379 1035 mel
401 936 499 1007 et'nb
529 948 585 1009 ittis
617 949 781 1030 destituor,
813 956 847 1007 ut
867 949 958 1007 ticent
978 946 1044 1004 mihi
1064 945 1093 1004 in

24 1057 27 1063 “
148 1048 267 1131 Christo
301 1045 362 1106 tilio
391 1054 443 1105 tuo
473 1048 584 1108 sotrum
613 1048 681 1132 fieri
699 1050 735 1111 nb
758 1048 887 1108 omnibus
907 1045 1040 1124 peccetis
1062 1049 1095 1104 et

147 1148 244 1213 mstis,
289 1149 356 1225 lpse
389 1147 463 1205 enim
498 1155 546 1206 est
567 1149 783 1209 saluberrimum
802 1155 1000 1228 unguentum,
1029 1146 1095 1224 ipse

147 1234 315 1306 consolatio
337 1254 451 1323 nostro,
474 1266 528 1306 reu
549 1255 583 1307 ut
607 1250 761 1326 apostotus
779 1255 807 1309 l.
831 1249 900 1310 Gor.
920 1254 964 1309 1.:
1006 1247 1095 1323 „ipse

123 1404 128 1419 ,
144 1345 280 1427 justitio,
319 1345 535 1433 sonetifieotio,
566 1347 727 1426 sapientia,
765 1347 907 1408 redemtio
941 1353 1046 1406 nostro
1077 1364 1096 1404 n

147 1433 216 1507 Deo
246 1446 331 1506 nobis
362 1446 503 1517 foetus‚“
539 1448 642 1526 quibus
671 1447 772 1508 verbis
804 1446 913 1524 optime
942 1445 1094 1526 energiam

90 1565 100 1590 ⁸
149 1545 236 1626 hujus
258 1545 402 1624 nominis,
425 1529 575 1621 solutore,
599 1556 630 1606 et
651 1566 734 1607 usum
758 1547 883 1618 Christi,
906 1554 938 1606 et
958 1545 1095 1623 incorpo-

147 1644 293 1705 rationem
332 1644 429 1705 nostri
459 1645 487 1703 in
518 1646 665 1719 Christum
700 1647 858 1724 exposuit,
901 1647 987 1704 modo
1016 1644 1093 1703 vites

149 1747 346 1804 somniatores
370 1742 531 1824 sophistes,
553 1747 600 1824 qni
613 1745 759 1805 Christum
781 1745 866 1805 nobis
887 1732 930 1804 sie
949 1741 1094 1827 justitium

150 1850 182 1904 et
216 1835 391 1923 sapientiam
422 1840 557 1924 fuciunt,
587 1853 621 1904 nt
648 1866 764 1925 semper
791 1843 840 1907 vel
876 1845 1024 1926 objectum
1046 1837 1095 1900 vel

149 1962 267 2005 erurom
294 1939 439 2024 justitiae
466 1950 589 2004 nostroe
622 1952 774 2017 statuant,
806 1965 888 2004 nrum
917 1962 989 2004 vero
1019 1941 1093 2020 ejus,

149 2044 198 2123 qui
220 2050 268 2102 est
289 2063 343 2123 per
363 2039 449 2101 fidem
471 2040 499 2101 in
522 2062 600 2114 enm,
623 2044 740 2123 penitus
761 2044 953 2124 ignorantes,
979 2043 1015 2102 de
1038 2048 1110 2114 '1¹¹⁰'

68 2134 71 2148 ’
149 2142 213 2201 solo
249 2141 381 2222 loquitur
401 2142 525 2202 Paulus.
567 2144 656 2204 Fides
685 2144 759 2204 enim
794 2145 822 2204 in
845 2144 990 2203 Christum
1019 2134 1094 2194 fucit

99 2272 102 2277 ·
149 2259 215 2302 enm
246 2242 274 2302 iu
304 2262 350 2302 mo
372 2241 492 2312 virere,
524 2250 556 2302 et
577 2243 687 2303 moveri
716 2253 748 2303 et
776 2263 885 2323 agere,
917 2223 983 2297 ιιοιι1
1005 2254 1093 2294 secus

45 2413 49 2420 Ι
149 2349 239 2422 etque
284 2341 416 2402 solutore
453 2349 634 2422 unguentum
665 2341 694 2403 in
731 2358 853 2422 aegrum
884 2354 990 2414 eorpus
1019 2332 1094 2412 agit,

47 2434 51 2441 ’
149 2439 352 2524 eiiieimurque
383 2460 446 2500 eum
470 2436 593 2499 Christo
616 2461 675 2502 uno
704 2461 773 2502 enro
808 2446 839 2498 et
866 2456 951 2497 unum
984 2450 1093 2510 eorpus

30 2520 59 2567 *⁹
148 2539 361 2620 utriutimnm
400 2544 433 2597 et
467 2537 651 2600 ineffabilem.
675 2537 950 2601 transmutationem
977 2526 1096 2612 peceati

144 2639 248 2723 ¹nostri
270 2639 298 2700 in
319 2639 395 2702 iilius
413 2642 578 2722 justitium,
611 2639 794 2701 sicutnobis
815 2637 1022 2716 repraesentat
1043 2648 1101 2721 ver-U

133 2739 279 2801 ‘nerehiIe
301 2740 405 2802 ultoris
435 2748 665 2813 rsuramentum,
694 2740 741 2799 ubi
769 2737 853 2818 penis
883 2741 915 2791 et
942 2728 1037 2790 vinum
1065 2726 1096 2787 iu

98 2893 102 2901 ,
149 2837 261 2898 christi
282 2859 400 2900 enrnem
422 2849 454 2901 et
474 2840 648 2921 sanguinem
670 2838 929 2899 transformentur.
1018 2838 1021 2843 '

233 2954 320 3015 Hoee
342 2955 390 3034 qui
414 2957 532 3016 noverit
554 2962 586 3016 et
607 2963 750 3033 expertus
773 2949 871 3030 tuerit,
893 2966 962 3007 mox
979 2941 1097 3004 fastidit

70 3074 73 3079 ·
152 3053 266 3117 saivari
288 3052 324 3114 ob
345 3053 525 3126 hominibus,
555 3054 680 3115 libenter
707 3055 860 3111 damnatur
881 3048 918 3106 ob
939 3045 1011 3125 iliis,
1042 3063 1097 3102 ex-

151 3152 245 3213 sultet
265 3151 294 3211 in
316 3152 381 3213 snio
403 3152 461 3214 Dei
482 3154 621 3227 satutari,
643 3154 779 3232 gaudens
801 3158 832 3208 et
853 3147 968 3229 gratior
989 3163 1097 3224 agens,

151 3269 185 3311 se
208 3252 297 3312 telem
321 3271 401 3324 esse,
425 3253 472 3312 eui
495 3253 631 3312 Christus
653 3253 693 3311 rit
715 3248 872 3321 solutoris,
894 3247 989 3305 donee
1010 3243 1098 3323 piene

152 3351 256 3411 'seirus
277 3349 396 3425 suetus,
427 3352 526 3413 similis
547 3352 588 3412 sit
609 3350 637 3411 ei
645 3397 655 3432 ,
688 3350 737 3431 qui
758 3368 792 3408 se
813 3346 924 3409 salvum
947 3344 1021 3406 tecit
1042 3362 1096 3403 suo

110 3474 112 3479 ·
148 3447 243 3526 ipsius
282 3448 438 3528 impendio.
492 3454 538 3511 lte
572 3453 691 3512 verbum
721 3447 869 3532 solutore,
910 3444 978 3525 quis
1014 3458 1097 3510 usum

151 3552 184 3607 st
204 3547 261 3607 rim
282 3548 387 3609 solutis
408 3550 538 3620 includit,
561 3550 657 3629 nntius
680 3543 817 3610 convenit
845 3544 979 3604 militanti
1000 3539 1097 3601 eecle-

132 3645 221 3716 sios,
246 3667 335 3726 quom
359 3652 464 3734 seius,
495 3644 571 3735 quoe
592 3648 693 3734 notius
713 3646 804 3709 futuri
824 3644 936 3706 sneeuli
956 3659 1007 3701 res
1026 3656 1096 3699 con·
