2286 4042
85 160 88 169 ’
128 136 244 223 ,350
347 166 354 241 ᾗ
381 156 952 247 operatione·inueniam.¹

171 351 328 435 rollione,
350 349 415 409 ‹lnrn
436 346 480 407 ita
499 314 650 408 laudamur
673 349 776 422 Deum,
798 357 831 413 et
852 371 913 414 noe
938 374 1111 430 aaenranur,

167 460 236 517 ,duna
259 458 335 517 illuur
357 451 575 543 glorificamur,
606 473 661 513 noa
690 453 917 531 arrnfnndironr,
951 463 1019 523 duna
1039 464 1110 551 'illan

24 590 30 599 ⁵
80 608 83 613 .
166 561 366 645 justitinarnue
388 566 420 620 et
441 577 495 618 nau
517 558 700 633 damnamur,
731 568 765 620 ut
788 561 984 642 justificetur
1012 568 1110 628 inrer-

117 736 121 750 Ι
168 666 302 729 ιιιυιιίῑωι
331 665 410 735 auia,
441 671 472 724 et
503 664 595 722 amnia
624 666 708 723 bomo
738 664 778 724 eit
805 668 952 731 mendax.
997 672 1039 732 Et
1065 672 1109 734 boa

168 772 350 861 potissimum
369 770 397 828 in
426 775 559 863 ternpore
590 769 808 841 tribulationie,
838 762 978 851 qnando
1000 796 1108 837 ananau

169 876 259 935 tionis
300 872 551 952 damnationisque
584 885 706 933 nortrae
739 873 962 958 probationem¹
983 882 1106 944 exbiberi

169 958 324 1060 exigimur,
346 986 380 1036 nt
401 987 461 1036 tuna
479 997 616 1039 canantur
638 977 701 1038 Dea
723 979 750 1040 in
773 990 861 1041 nocte
886 983 952 1042 ieta
975 986 1105 1046 canticun

169 1105 268 1154 auum,
297 1090 329 1143 et
351 1082 478 1140 dicamne
501 1102 565 1141 cun
586 1081 641 1140 illia
663 1070 776 1145 Daniel.
792 1090 850 1147 -3.:
888 1090 1023 1157 „Omnia
1048 1109 1105 1170 quur

167 1184 269 1247 feoirti
298 1187 383 1246 nobie
413 1185 547 1258 domine,
580 1186 609 1246 in
646 1207 717 1249 vero
750 1188 862 1268 judicio
897 1186 1042 1252 fecisti.“
1079 1196 1105 1253 lll

168 1293 218 1351 Pu.
241 1296 290 1355 65.
327 1288 436 1368 [6642
475 1291 703 1364 „Tranririmnr
729 1308 783 1372 per
810 1293 912 1373 ignem
943 1305 978 1358 et
1008 1315 1103 1377 aqnau,

167 1406 199 1456 et
227 1394 357 1455 eduxirti
391 1414 445 1454 nor
476 1393 505 1454 in
534 1394 728 1476 refrigerium.
780 1398 914 1458 introibo
944 1401 977 1465 in
1009 1405 1103 1463 domun

67 1500 71 1509 ‘
166 1508 246 1558 tuom
267 1498 296 1558 in
317 1499 516 1575 bolocanrtir,
538 1502 656 1562 roduam
678 1501 728 1560 tibi
748 1510 821 1563 unta
841 1523 927 1577 mea,
951 1526 1033 1586 qnae
1055 1529 1102 1587 pro

166 1608 299 1665 tulerunt
319 1603 397 1664 labia
418 1624 500 1679 mea,
530 1615 561 1666 et
583 1625 656 1687 qnae
678 1606 814 1689 locuturo¹
837 1615 887 1666 eet
910 1630 948 1670 oa
975 1632 1069 1672 meno
1085 1616 1102 1670 iu

167 1709 358 1769 tribulatione
379 1717 477 1772 mea.“
519 1710 600 1771 Eece
623 1730 698 1791 quae
721 1711 908 1786 bulaoaurta,
932 1736 1017 1794 quae
1039 1727 1101 1786 rutr,

132 1862 135 1867 .
168 1835 242 1894 quae
260 1813 454 1894 proferuntur
474 1814 502 1874 in
524 1815 721 1888 tribulatione,
744 1817 821 1876 aiunt
840 1825 935 1885 etex
960 1821 1047 1888 Hel).
1069 1826 1102 1882 ll·

167 1919 284 1991 fruotna
317 1918 459 1978 labiorum
490 1921 658 1993 retulimus,
689 1929 721 1980 et
743 1919 839 1982 (lurae
865 1902 1102 1999 14.t''„1teulr·

166 2018 229 2085 lnue
252 2022 361 2084 vitulae
382 2025 522 2085 labiorum
544 2009 746 2086 nostrorum.“

249 2129 299 2188 Sia
321 2137 353 2189 et
366 2130 490 2208 Daniel.
512 2135 567 2191 3.:
609 2130 715 2203 „Siout
734 2129 762 2192 in
784 2127 970 2193 bolooanrto
994 2135 1104 2195 arietnu

167 2245 198 2294 et
224 2242 392 2304 taurorum,
416 2244 447 2292 et
475 2233 553 2293 eiout
573 2235 746 2311 inmillibun
775 2256 918 2318 agnorum
954 2241 1104 2321 pinguium,

37 2390 47 2397 .
92 2365 95 2370 ·
166 2340 212 2400 aio
240 2336 294 2403 fiat
323 2322 496 2399 sacrificium
527 2349 658 2401 nautium
687 2343 715 2401 in
736 2351 900 2421 conspeetu
930 2353 989 2402 tuo
1020 2344 1104 2415 bodie,

98 2462 108 2478 ¹·
165 2456 211 2505 ut‘
231 2445 347 2522 placeat
376 2442 461 2504 tibi.“
502 2447 561 2504 seu
591 2457 622 2504 et
649 2447 701 2514 Pa.
731 2447 900 2524 praediatus
929 2448 1104 2510 boloeanrtr

165 2551 325 2610 medullata
346 2569 410 2617 oum
431 2549 552 2608 inoeneo
574 2549 705 2620 arietum,
729 2551 1014 2625 buresanmbiroir,
1037 2571 1104 2633 quea

165 2652 273 2714 afferre
296 2675 329 2713 ue
351 2656 438 2724 dicit,
460 2652 538 2735 'nibil
567 2653 643 2732 aliud
671 2655 746 2715 facit
768 2673 849 2735 quam
871 2656 982 2733 lauder
1005 2660 1062 2718 Dei
1081 2661 1104 2717 in

164 2759 372 2829 tribulatione,
404 2758 524 2820 dinentt
556 2760 683 2833 „Venite
716 2768 748 2818 et
778 2759 876 2848 audite
906 2770 941 2819 et
972 2762 1105 2833 narrabo,

165 2885 265 2922 omnen
274 2864 440 2943 quitimetir
451 2864 670 2942 Deurn„quanta
680 2858 754 2923 feeit
765 2863 877 2922 animae
887 2884 986 2928 rurae.
1001 2868 1105 2933 Queri

164 2967 212 3028 Ad
242 2960 334 3050 ineunt
357 2986 409 3025 ore
439 2988 503 3026 meo
534 2968 673 3040 clamari,
694 2979 726 3028 et
747 2966 898 3029 exsultavi
919 2971 979 3029 eub
1008 2971 1106 3053 lingua

164 3091 238 3132 rura.
282 3068 466 3151 iniquitaten
488 3070 514 3131 ei
535 3072 659 3151 adspexi
680 3071 708 3133 in
730 3075 820 3147 corde
842 3092 916 3143 naen,
940 3093 1003 3134 nnn
1016 3096 1105 3136 exau·

164 3179 225 3234 «liet
253 3176 394 3237 dominun.
416 3171 600 3254 Propterea
621 3175 777 3237 'exaudivit
803 3177 886 3237 Deua
914 3185 948 3236 et
978 3181 1105 3240 attendit

61 3332 68 3341 ,
130 3359 132 3365 Ι
163 3283 231 3340 uuoi
252 3282 395 3340 orationir
420 3300 502 3341 meae
525 3288 607 3342 eto.“
648 3282 711 3342 Nea
739 3282 812 3340 eninr
841 3280 899 3341 alia
920 3291 1000 3343 vota
1022 3286 1106 3344 babet

162 3403 269 3466 magna
298 3387 426 3447 eealeria
455 3394 488 3446 et
508 3404 625 3457 aranee,
655 3385 703 3465 qui
730 3386 833 3447 timent
864 3386 1026 3450 dominum.
1071 3391 1104 3448 ur

162 3491 299 3561 nbeerra,
323 3492 399 3570 quod
420 3508 519 3550 aorarn
541 3490 709 3552 timentibus
730 3509 787 3552 nan
809 3490 932 3561 laudern,
957 3494 1015 3554 aad
1038 3502 1104 3556 rotr

160 3595 267 3668 reddit,
289 3597 366 3675 quud
387 3595 415 3657 in
436 3593 680 3683 tribulationibus,
703 3595 767 3657 ‹lurn
784 3595 993 3679 annotationis
1015 3596 1103 3660 nouri
