2176 4050
21 174 24 181 ¹
54 249 59 255 .
103 150 107 169 Ι
134 148 192 253 90,
344 185 611 267 Operatione·
632 136 669 247 ir
689 185 869 266 psai-er.

134 388 276 453 restore,
304 380 382 443 sieut
402 378 511 444 donini
528 389 578 443 est
599 312 697 454 siffis,
729 382 758 443 id
779 391 843 466 est,
868 381 1000 444 doninus
1020 384 1070 445 eal·

133 503 201 546 vuer
219 481 307 544 teuit.
466 568 469 572 Ι

213 585 266 656 „ln
288 579 395 642 fine-‘⁸
422 601 494 643 vero
527 581 718 662 exuberantis
740 581 868 643 effeetus
890 582 1071 644 eausadiei·

20 729 22 736 ,
133 691 191 755 tur,
213 702 271 763 quo
294 679 430 761 exprimit
450 683 648 742 vastationem
669 682 776 742 ininrioi
806 681 849 743 sio
871 683 1015 754 desiisse,
1041 689 1070 741 st

132 802 190 844 nou
212 781 252 842 sit
273 801 343 862 spes
365 788 417 841 aut
438 781 525 841 timor
544 782 792 844 resuscitandam.
832 781 982 843 Desinunt
1003 782 1070 842 enin

130 881 208 962 inpii
244 880 418 963 quandoque
448 891 585 954 restore,
624 883 678 942 sed
712 883 837 942 nondum
868 881 971 942 stetini
1001 880 1069 953 finis,

130 987 267 1042 manente
296 979 371 1041 enirn
402 981 470 1041 odio
499 983 624 1042 redeunt
656 984 692 1042 od
722 983 850 1043 furorem
879 989 1015 1061 tempore
1042 988 1071 1042 et

130 1082 291 1159 ooetsionp
313 1080 401 1141 datis.
443 1080 552 1162 Atqui
580 1081 684 1161 spiritu
710 1082 881 1160 increpante
915 1083 1069 1143 salubriter

29 1168 33 1173 ’
129 1188 257 1263 pereunt
282 1179 313 1239 iu
341 1178 416 1245 aiios
443 1181 575 1242 homines
596 1181 717 1254 mutati,
752 1183 820 1262 quia
840 1183 984 1264 diligunt,
1015 1200 1068 1243 non

129 1287 256 1361 possunt
273 1299 400 1362 unquam
420 1279 448 1340 in
470 1288 621 1342 aeternum
641 1281 678 1341 od
699 1282 937 1361 persecutionem
948 1279 1068 1363 reverti,

129 1379 196 1461 quin
216 1379 273 1462 ipsi
301 1381 453 1461 potiuntur
485 1381 584 1462 potius
605 1401 669 1442 oum
690 1380 757 1442 iiiis.
799 1381 897 1462 Atque
916 1382 964 1442 ite
985 1379 1069 1443 desiit

127 1480 156 1542 iu
189 1478 234 1543 eis
261 1481 394 1543 vastatio
423 1499 517 1562 usque
545 1481 574 1541 in
595 1479 697 1555 finem,
712 1477 760 1542 'ut
781 1501 836 1542 nee
858 1481 973 1555 odiuar,
994 1481 1068 1563 quod

128 1579 196 1641 fons
224 1589 275 1642 est
302 1580 534 1660 persecutionis,
571 1581 712 1663 reliquum
741 1581 798 1664 sit,
836 1582 890 1642 sed
920 1580 1067 1643 omniain

128 1674 271 1751 errorem,
299 1680 347 1761 qui
375 1679 446 1740 fons
468 1689 517 1739 est
538 1681 619 1760 poeis
655 1682 835 1766 etquietis,
866 1681 927 1740 sint
948 1689 1066 1752 mutata,

113 1772 186 1860 ¹quo
223 1797 315 1839 sensu
350 1786 382 1839 et
424 1781 477 1842 Ps.
496 1787 528 1842 2.
565 1779 672 1841 dietum
700 1788 765 1842 ertz
807 1764 988 1862 „Tanquam
1015 1800 1067 1844 vas

123 1877 211 1961 figuli
231 1876 404 1959 confringes
426 1884 510 1939 eos.“

208 1996 269 2057 Sed
302 1996 447 2078 quomodo
483 1995 631 2058 destruxit
662 1996 822 2058 civitatesi
865 1998 929 2059 Vim
970 1998 1066 2061 verbis

35 2094 48 2101 ”
124 2090 204 2159 ioei‘o
224 2095 351 2169 inritus,
381 2103 413 2156 et
444 2104 541 2157 tuneo
569 2116 626 2157 non
648 2096 758 2176 potitur
780 2099 993 2180 consequentia
1013 2118 1067 2161 neo

125 2195 262 2275 spiritus,
295 2195 324 2256 in
357 2216 414 2276 quo
446 2196 574 2276 loquitur
601 2197 762 2274 propheto,
789 2204 822 2258 ut
850 2200 888 2260 de
922 2192 1068 2281 eorpor'aii

123 2294 294 2358 vastatione
326 2294 517 2375 intelligetur.
560 2276 677 2392 ῃηῃξξ
706 2296 781 2357 enim
821 2299 1001 2361 abscondita
1036 2305 1067 2360 et

73 2420 76 2433 ¹
123 2409 284 2490 spiritualis
314 2407 518 2487 triumphatrix
540 2397 677 2489 loquitur,
699 2410 786 2489 eujus
807 2432 888 2472 arnna
909 2421 979 2473 sunt
1001 2432 1073 2473 rer·.

123 2510 188 2570 bun
216 2516 248 2569 et
268 2505 356 2592 fides·
404 2508 519 2570 Deinde
547 2519 656 2590 gentes
685 2509 750 2568 sola
777 2509 981 2588 increpatione
1012 2511 1067 2573 ns

122 2607 267 2690 perdidit,
296 2607 396 2679 deleto
430 2608 546 2669 uonrine
576 2629 676 2670 eorunr
705 2615 738 2669 et
768 2612 938 2670 vostatione
963 2631 1066 2695 eoru·

10 2757 15 2762 .
122 2707 215 2771 finita
258 2709 360 2776 fluere
382 2717 415 2769 et
435 2709 576 2771 civitates
590 2710 692 2769 eadem
709 2708 910 2787 increpatione
930 2712 1066 2772 terune·

120 2817 170 2871 tas
191 2816 312 2889 oportet
330 2807 465 2889 intelligi.

202 2925 293 2987 Siroiii
322 2925 473 2984 sententie
493 2925 564 2985 dicit
584 2923 717 2985 Micheas
739 2932 787 2998 5.,
808 2924 856 2986 ubi
878 2926 914 2986 de
936 2925 1066 3007 reliquiis

18 3008 23 3017 I
119 3026 213 3087 lrraei
251 3025 280 3084 in
315 3023 411 3084 rnedio
454 3023 586 3104 gentiam
620 3024 789 3085 victricibus
827 3023 962 3086 dixerat:
1006 3026 1067 3100 „ut

58 3165 63 3171 -
120 3125 318 3197 exaitabitur,
353 3122 462 3202 inquit,
490 3142 601 3183 ιιιιιιιιιι-
622 3132 674 3183 tue
704 3144 794 3204 super
813 3126 919 3186 hostes
941 3134 1012 3186 tuos
1034 3132 1067 3187 st

21 3234 24 3239 '
120 3241 222 3284 ornnes
251 3221 357 3284 inimici
384 3221 427 3282 tui
446 3222 652 3284 -interibunt.“
694 3224 815 3283 subdit:
858 3226 921 3296 „Et
951 3227 1010 3286 erit
1036 3225 1065 3285 ia

120 3322 253 3394 dioillo,
274 3323 345 3384 dioit
367 3323 520 3398 dominas,
551 3321 682 3383 auferam
705 3342 797 3403 equos
819 3332 889 3384 tuos
910 3326 947 3384 de
969 3325 1066 3386 inedie

118 3424 172 3495 tui,
194 3432 227 3484 et
248 3422 412 3501 disperdens
434 3423 593 3503 quadriges
614 3429 701 3504 tuoe,
730 3433 761 3483 et
781 3424 899 3503 perdam
922 3424 1065 3486 civitates

119 3531 218 3588 tetrae
240 3530 325 3593 tuae,
355 3528 388 3581 et
409 3522 556 3584 destruens
577 3541 678 3583 omnes
699 3524 875 3587 munitiones
897 3528 1011 3596 tues‚“
1031 3530 1065 3586 et

21 3709 24 3714 ‚
119 3640 207 3694 uox:
249 3621 402 3696 ,uranon
438 3622 522 3684 tueor
551 3630 634 3695 tuor,
675 3630 707 3685 et
743 3631 894 3686 conteram
923 3623 1064 3688 eiritates

313 3942 453 4010 ..ἁ-ι.
