2286 4042
337 247 339 253 -
368 205 546 266 Prainas
566 220 702 267 nones.
950 200 1010 273 i'id
1117 185 1121 208 ⁵

53 372 176 470 arisae
201 408 274 464 snnt
295 400 324 462 in
343 380 484 482 interdu,
516 413 603 482 quen
624 400 774 479 iecerunt,
794 406 894 464 rerntn
924 406 960 462 'et
980 401 1009 477 ii,

61 506 104 588 qni
125 504 186 566 sibi
208 501 309 581 sancti
330 507 362 562 et
382 502 457 560 bene
478 500 581 562 vivere
613 500 669 562 risi
690 508 776 573 sant,
806 501 917 562 inventi
940 509 1011 563 sont

59 614 252 686 peccatores,
273 599 330 660 nisi
351 599 431 660 torte
453 592 529 665 iruna
551 611 667 660 venun
687 600 894 676 praecedentis
915 600 1010 681 iocern

23 730 28 745 ·
61 724 128 766 esse
151 700 286 771 dixeris,
308 707 341 760 et
361 699 408 759 iric
430 698 592 770 deciarari,
615 701 692 779 quod
713 698 752 758 ibi
773 699 927 759 obscurius
949 701 1011 762 dira

61 813 117 865 ιιιιιι
141 809 206 864 est.
250 800 320 879 Ego
342 797 438 878 nagia
461 799 517 857 iroc
538 798 629 869 feror,
651 806 685 857 ιιι
706 800 824 859 credans
839 788 1010 878 prophea-

61 903 197 964 roinisse
231 897 287 960 rin
324 899 412 960 divini
450 897 548 977 operis
579 907 611 958 et
638 898 741 978 judicii
778 894 945 959 eitendere.
971 901 1010 960 ad

63 1002 171 1082 onnia,
193 1007 228 1059 ιιι
249 1005 358 1079 gentes
385 1013 444 1058 noo
473 1000 559 1057 nodo
581 996 782 1059 invenirentur
809 999 885 1058 araia
907 999 1010 1079 agere,

64 1103 116 1183 piis
156 1099 318 1160 iodrioibos
357 1098 525 1157 resistendo
548 1106 685 1177 'propter
716 1117 772 1157 sua
802 1098 934 1170 studit,
957 1097 1013 1160 'sed

64 1202 155 1263 etiam
183 1199 250 1278 ipsa
282 1196 381 1257 stadia
406 1196 528 1256 inveniri
550 1204 676 1274 peccata
708 1199 741 1255 ei
761 1195 852 1269 maia,
885 1195 963 1258 sicot
982 1199 1011 1259 id

66 1298 162 1360 Penio
191 1298 265 1357 iicet
290 1298 453 1375 exemplum
483 1303 605 1375 petere,
637 1295 702 1374 qui,
730 1310 794 1355 enos
817 1298 1014 1377 cognovisset
1106 1308 1109 1321 '

67 1398 229 1480 justitian,
262 1415 337 1476 qnae
359 1416 398 1455 ox
419 1394 489 1476 iege
510 1402 575 1465 est,
605 1409 674 1453 esee
696 1410 803 1454 nerano
824 1383 1013 1474 inpietatem

70 1518 144 1579 qaae
172 1493 275 1567 inflet,
304 1513 362 1555 non
391 1496 478 1554 modo
508 1493 645 1552 universa
675 1493 768 1564 maia,
798 1496 873 1574 qnae
902 1492 1014 1557 sanctie
1061 1487 1070 1517 a

71 1597 205 1676 iecerat,
227 1595 342 1665 idest,
364 1594 529 1663 interitum,
553 1611 636 1671 quern
657 1592 798 1670 por'aiat,
820 1603 852 1653 et
872 1596 1015 1676 iaqueua,

75 1716 154 1776 quern
177 1694 393 1766 absconderat,
427 1692 552 1772 agnovit
573 1711 642 1750 esse
665 1693 793 1767 pessima
817 1691 917 1765 iacta,
939 1710 1016 1776 qaae

75 1797 150 1874 prins
181 1793 248 1854 seio
282 1793 359 1874 legis
389 1793 496 1853 ardens
528 1791 638 1871 optima
656 1789 825 1870 judicabat,
855 1814 954 1855 veron
984 1805 1015 1856 et

77 1895 182 1974 ipsane,
216 1911 292 1973 quae
321 1913 361 1954 err
391 1893 461 1973 iege
494 1899 556 1962 est,
590 1889 736 1971 justitian
767 1912 837 1952 mox
869 1895 1017 1957 damnavit

78 1982 300 2069 conprehensus
317 1991 546 2071 inhiaoperiirns
560 2010 693 2051 mannam
721 2009 850 2064 aaaron,
880 2000 1017 2074 tanquan

10 2110 15 2171 p
78 2090 165 2172 inpiis
187 2099 220 2152 et
241 2091 336 2173 malis,
358 2111 434 2174 qaas
456 2090 598 2152 credebat
620 2109 689 2152 essa
716 2110 845 2153 summac
868 2094 1016 2173 justitias.
1059 2084 1073 2188 Ἰ

155 2242 214 2303 Est
243 2251 319 2323 ergo
349 2255 476 2301 sensus:
519 2231 645 2308 iioando
674 2239 805 2302 dominus
825 2243 1019 2324 cognoscitur

10 2366 12 2417 j
84 2348 112 2402 ei
131 2342 175 2402 sia
197 2339 392 2422 cognoscitur
401 2320 415 2413 ,⁸
443 2338 519 2420 qu'od
542 2349 590 2405 ert
608 2342 719 2423 jadex,
742 2361 796 2401 serr
814 2333 953 2423 judiciuin
975 2340 1019 2405 ia·

9 2490 12 2523 :
82 2441 155 2522 ciat,
179 2432 274 2500 nniius
296 2438 584 2519 subsisterepotest
608 2446 679 2501 ante
700 2436 807 2501 faciem
829 2439 906 2522 ejus,
929 2463 1020 2523 qnan-

9 2542 13 2615 ξ
83 2542 211 2602 idniibet
240 2540 355 2620 jnrtua,
385 2537 504 2617 sapiens
535 2536 566 2600 ei
592 2541 710 2618 poiens.
738 2529 839 2600 ΙΔΙὶιιιΙ
868 2542 941 2602 enin
971 2550 1020 2603 est

83 2650 266 2721 cognoscere
288 2637 429 2699 dominor'n
448 2637 595 2720 judicem,
618 2639 694 2698 atino
716 2637 857 2699 dominon
880 2640 1021 2705 miseren·

9 2764 11 2779 ¹
83 2745 148 2800 ten.
192 2737 247 2797 cni
269 2737 400 2799 doririnus
417 2733 522 2818 judieii
547 2740 637 2797 notos
668 2735 722 2819 fit,
754 2738 866 2798 corruit
899 2741 1021 2803 territos

9 2878 12 2887 ·
83 2845 110 2900 ei
130 2839 170 2901 ad
190 2832 307 2898 nihiiurn
327 2832 471 2917 redigitur
492 2857 510 2898 a
531 2836 610 2898 facie
640 2836 701 2899 irae
725 2837 790 2918 ejus
812 2822 1023 2902 insustentabi-

81 2931 123 3000 iis.
169 2935 225 2998 (ini
246 2936 344 2999 antedi
365 2944 455 2997 notus
476 2934 512 2996 fit
533 2936 663 2997 dominns
695 2936 929 3009 misericordiae,
959 2952 1024 2999 adr·

83 3039 125 3120 pir
155 3037 274 3109 laetos,
310 3038 344 3096 ei
375 3054 464 3114 super
494 3035 589 3097 omnis
609 3035 722 3096 toiiitor
744 3056 762 3096 a
783 3033 860 3096 facie
881 3021 1023 3100 bonitatis
1048 3064 1062 3099 c

9 3144 12 3155 '
83 3138 146 3220 ejus
175 3134 486 3215 inconprehensibilis.
529 3134 732 3218 cognoscitur
761 3143 859 3196 autern
885 3132 1022 3216 jodiciun

9 3250 11 3257 '
82 3236 199 3298 faciani
229 3244 356 3296 externe
387 3242 419 3294 et
439 3233 565 3296 interne.
607 3235 743 3296 Externa
764 3236 856 3298 rerba
879 3234 1025 3318 evangeiii

84 3344 113 3398 et
134 3335 273 3413 exemplo
296 3340 473 3405 sanctorum,
495 3352 570 3413 quos
587 3331 756 3414 justificat,
789 3334 929 3396 demersis
950 3351 1024 3418 ged-

11 3430 14 3439 '
83 3435 161 3498 tibns
196 3433 226 3495 in
255 3433 391 3515 interito,
418 3442 502 3512 qoem
533 3429 679 3494 iecerunt.
722 3432 828 3494 Veron
861 3435 936 3495 haee
966 3453 1024 3495 non

83 3540 204 3596 nocent
225 3533 315 3605 satis,
333 3532 427 3594 donec
449 3537 481 3591 ct
501 3529 615 3592 intorno
635 3549 688 3593 cor
705 3531 849 3613 adspiciat
871 3539 903 3594 et
916 3542 1025 3593 trena

85 3631 189 3709 iaciat,
212 3631 293 3694 ιιίοιιι
312 3642 404 3712 snpra
422 3629 529 3695 dictum
551 3639 599 3695 est
618 3633 648 3694 io
660 3631 770 3695 renat
788 3651 829 3706 „a
848 3630 927 3694 iacis
941 3637 1024 3694 tua“.
1060 3708 1062 3713 ³
