2286 4042
89 146 204 252 13⁶⁰
334 136 909 267 'Operationebinpsalmosl
1006 185 1012 193 '

44 327 73 377 'l
162 388 372 450 possessorem
402 365 506 456 suum}
531 330 583 432 let
611 331 711 433 samus
738 345 883 454 praesepe
916 371 1022 434 domini
1051 373 1106 448 rui,

161 475 254 535 lsrael
276 483 374 536 autem
396 495 442 535 me
462 494 520 535 non
541 476 704 556 cognovit,
732 485 765 538 et
792 479 915 556 populus
943 498 1026 540 mens
1047 498 1134 553 uon·

35 630 38 635 «
79 638 83 655 ,
159 566 339 645 intellexit.“
378 569 475 662 igitur
495 582 676 641 constitutus
709 589 758 641 ert
786 581 871 641 nobis
892 602 980 661 super
1000 583 1105 666 omnio,

54 681 75 691 ''
156 683 242 779 utin
264 683 395 745 omnibus
416 705 472 746 uos
493 685 590 764 possit
605 686 721 766 juvare,
744 692 775 746 et
796 689 834 746 ad
855 705 918 746 eum
939 706 995 747 nos
1013 708 1105 768 quea·

157 808 222 849 mus
244 788 425 870 coningere,
456 789 519 851 sive
540 789 569 850 in
590 790 740 868 peccatis,
771 791 834 850 sive
855 790 884 850 in
907 798 1017 867 morte,
1036 793 1104 882 sive

155 891 184 954 in
205 892 277 966 vita,
297 894 361 954 sive
381 894 409 954 in
428 894 555 974 justitia.
576 894 668 971 „Sive
690 893 809 957 vivimus
831 894 939 976 (inquit
959 896 1104 973 uolt),

112 1008 114 1015 ’
155 996 413 1080 ιιίιο,ιιιοιίιιιιιι·,-
434 998 540 1060 domini
568 1018 678 1060 sumus.
710 1001 802 1061 Nemo
833 999 887 1060 sibi
907 1001 1109 1083 visip,nemo

23 1093 33 1109 ²
156 1102 212 1162 sibi
240 1103 374 1165 moritur.
416 1102 476 1170 oui
500 1103 593 1177 visit,
627 1102 742 1165 domino
769 1102 863 1176 vivit,
894 1106 942 1186 qui
969 1106 1100 1181 moritur,

25 1270 28 1277 ,
156 1206 273 1266 domino
293 1206 445 1268 moritur.“

80 1368 85 1373 ¹
154 1362 1098 1481 oversetboresunisersas,insupe'retpeeora

193 1494 335 1579 campi,
370 1495 558 1563 volucres
581 1494 690 1557 coeli
711 1504 750 1556 et
770 1495 904 1575 pisces
926 1497 1057 1570 maris,

271 1599 336 1680 qui
357 1601 632 1680 perambulant
660 1601 830 1662 semitas
851 1588 981 1662 maris.

116 1742 118 1747 ’
231 1726 273 1789 Ili
303 1726 363 1786 duo
391 1745 498 1790 versus
530 1727 715 1788 occasionem
748 1728 867 1789 dedisse
897 1729 1033 1791 videntur
1053 1731 1121 1809 ius

150 1831 276 1911 terpreti
297 1837 401 1905 nostro
430 1839 463 1891 et
490 1828 571 1901 eliis,
603 1837 636 1911 ut
665 1833 702 1892 cle
724 1851 796 1911 puro
815 1833 929 1894 bomine
949 1835 1096 1905 Psalmum

40 1987 67 2003 .,
148 1935 363 2018 intelligerent,
385 1944 417 1998 et
439 1915 560 2038 Πιηῇζξ
580 1935 705 2016 angelos
733 1937 942 1999 transferrent.
985 1941 1016 2001 lu
1039 1961 1096 2022 qua

122 2038 125 2043 ¹
149 2053 300 2115 sententia
321 2058 390 2112 sunt
411 2059 443 2112 et
463 2054 561 2133 magni
578 2053 687 2134 aliquot
701 2061 812 2132 potres,
835 2046 912 2135 quod
929 2059 1093 2120 orbicul.
1127 2080 1131 2086 ·

23 2181 28 2189 ¹
141 2178 217 2238 nep.
246 2157 352 2218 bomini
377 2156 505 2218 formato
536 2159 618 2220 licus
651 2159 709 2218 tria
737 2160 811 2221 baec
832 2160 1016 2222 animantium
1038 2182 1094 2240 ge·

147 2282 222 2326 aera
256 2262 366 2344 legitur
401 2264 575 2344 subjecisse.
617 2265 659 2325 Et
697 2265 805 2336 babent
842 2284 913 2323 sone
945 2285 1000 2343 pro
1034 2267 1093 2327 boc

53 2384 55 2393 ’
147 2385 240 2430 sensu
269 2386 327 2428 uon
355 2386 456 2445 parum
487 2370 615 2447 speciei,
646 2368 724 2448 quol
753 2367 891 2430 videlicet
921 2370 1015 2451 omnia
1043 2371 1093 2431 illa

87 2470 89 2474 ⁸
148 2472 285 2553 subjecta
305 2471 420 2533 videtur
441 2473 590 2552 explicere
611 2473 828 2553 prophetabis
849 2476 996 2556 versibus,
1020 2496 1090 2536 esse

146 2576 225 2636 aliud
245 2575 322 2650 nibil,
344 2577 429 2657 ιῘιιιιιιι
450 2578 562 2638 bestias
583 2586 701 2647 terrae,
723 2578 799 2640 coeli
818 2587 849 2638 et
871 2580 971 2651 maris,
993 2600 1090 2662 neque

20 2720 24 2735 ‹
144 2700 282 2773 maguum
302 2680 439 2745 videatur
459 2683 577 2743 Christo
598 2685 753 2756 tributum,
774 2685 801 2744 si
820 2683 967 2762 imperium
988 2686 1090 2746 barum

144 2785 305 2848 beatiorum
327 2789 355 2849 ei
377 2788 537 2860 tribuatur,
574 2791 805 2869 quandoquidem
836 2799 868 2851 et
897 2791 1012 2852 hnmani
1040 2812 1089 2852 rc-

110 2906 119 2932 ¹
143 2911 202 2973 ges
224 2893 312 2955 etiam
334 2892 494 2953 bominibus
515 2894 657 2973 praesint.

187 3147 193 3163 ‚
219 3062 331 3141 ¹Verum
352 3056 472 3142 lortiter
494 3081 595 3142 obstat
614 3082 733 3154 Paulus,
756 3102 813 3144 uon
834 3083 920 3143 modo
941 3081 979 3144 acl
1004 3082 1088 3144 lieb-

34 3212 41 3223 ·
142 3204 232 3245 raeos
255 3187 302 3265 (si
322 3185 402 3247 forte
424 3184 488 3264 quis
510 3205 573 3247 eam
594 3195 687 3268 neget
709 3207 777 3248 esse
791 3187 909 3270 Pauli),
929 3189 984 3248 sel
1004 3195 1037 3247 et
1058 3194 1094 3251 1.,

143 3291 214 3354 (lor.
247 3296 315 3354 15.ss
356 3290 480 3365 „Omnia
524 3293 669 3374 (inquit,)
708 3292 835 3376 subjecit
874 3294 928 3354 sub
964 3290 1088 3371 pedibus

25 3432 27 3441 =
142 3396 243 3477 ejur.“
284 3397 355 3458 cun
383 3405 480 3467 autem
510 3397 674 3480 scripturae
703 3405 735 3458 et
764 3398 847 3461 verbi
869 3397 932 3485 Dei
946 3403 1088 3478 oporteat

141 3518 212 3562 esse
233 3520 336 3572 unum,
357 3501 516 3582 simplicem
546 3509 792 3584 constantemque
812 3521 948 3575 sensum,
976 3521 1014 3562 ne
1037 3501 1087 3580 (ut

139 3603 257 3684 licant)
281 3605 376 3671 saeua
396 3607 490 3671 literis
511 3628 649 3672 caeream
669 3626 770 3671 uaso·
791 3605 947 3690 lucianus,
971 3607 1084 3688 iustum

903 3814 914 3848 i
