2176 4050
349 168 527 230 Prainur
555 188 692 231 nonar.
857 140 862 159 1
931 179 990 238 110

129 365 172 428 Pii
198 384 273 426 vero
295 373 419 446 praeter
439 365 674 440 conicerionenr,
707 365 839 455 quantit
859 367 887 429 in
910 369 989 433 reiu-
1069 422 1072 437 .

66 474 123 539 ten.
139 485 233 544 paene
255 467 472 538 nihilitatem,
493 467 579 546 ponci
598 475 684 541 eunt,
706 469 869 547 simplices,
902 471 986 531 rtuiti

68 553 277 645 etpeccatnrer
307 566 345 626 ab
375 585 476 627 eorum
504 577 590 647 parte
612 576 704 632 etant.
748 569 826 627 Turn
848 588 925 649 quae
944 570 988 629 lo·

64 674 175 745 paratur,
197 669 267 746 quia
289 686 380 743 rupra
401 685 528 738 ecnrnn,
549 668 703 739 rationem,
725 666 888 745 opinionem
906 668 988 749 uulgi

63 774 127 837 unt,
152 785 190 826 eo
213 767 281 844 ipro
304 785 362 846 quo
383 765 557 848 loquuntur,
589 767 660 828 uicti
681 767 832 839 ridentur,
865 767 988 847 deniqne

60 865 183 925 contenti
221 874 256 925 et
291 864 414 926 ridiculi.
456 867 534 926 Tum
570 866 611 925 ilii
647 866 783 944 opinione
822 873 853 927 et
883 867 988 946 piannn

59 962 124 1043 uulgi
143 971 176 1025 et
196 973 369 1046 magnatum
391 985 508 1026 rourum
529 964 599 1026 ireti
620 965 770 1045 inflatique
788 965 988 1043 nroxinrpient

59 1061 112 1123 dnn
131 1064 183 1125 Pr.
210 1069 284 1127 lte
326 1065 505 1136 „Concilium
527 1064 622 1144 inopie
647 1064 832 1137 confudirtir,
854 1064 987 1145 quonian

59 1162 172 1224 doninur
202 1184 278 1243 spen
308 1165 374 1245 ejnr
405 1172 484 1226 cet.“
525 1166 687 1244 Hucusque
716 1163 910 1225 succumbunt
933 1181 987 1225 ren

58 1265 236 1324 racennbere
256 1262 396 1325 videntur
412 1262 497 1344 justi,
519 1285 611 1349 neque
633 1266 671 1325 ad
693 1262 968 1343 opportunitatem..

122 1395 178 1457 Uti
201 1403 304 1456 entem
326 1398 546 1475 perseverarint
569 1398 597 1457 in
619 1396 810 1457 confessione
830 1397 887 1455 hec
909 1395 987 1455 ruin-

58 1493 113 1567 ort,
139 1495 207 1556 aive
230 1495 346 1555 interim
368 1497 529 1557 moriautur
549 1497 612 1557 rive
635 1498 799 1576 patientur,
828 1493 910 1556 veuit
931 1493 988 1553 do-

58 1595 131 1654 rinur
151 1595 181 1655 iu
199 1593 485 1674 opportunitatibus,
507 1596 628 1657 dicens:
672 1594 803 1665 Nausic,
826 1594 880 1654 red
895 1595 988 1672 major

10 1748 12 1781 ς
58 1695 151 1756 rerviet
171 1693 288 1766 rn'inori,
309 1696 366 1755 hoc
388 1703 453 1776 eet,
475 1695 572 1757 victor
592 1696 673 1756 victo
697 1692 887 1774 subjicietur,
910 1693 988 1753 eicut

58 1795 179 1855 trinnio
204 1798 254 1857 ld.
278 1795 412 1872 ruperine
435 1795 627 1883 adduximnp:
670 1796 732 1865 „at
760 1801 846 1854 eruut
868 1793 986 1872 copien-

57 1900 93 1954 ter
119 1914 192 1966 eor,
233 1893 284 1974 qui
314 1915 348 1954 se
379 1904 535 1974 ceperunt,
574 1904 606 1953 et
634 1893 792 1974 subjicient
824 1901 987 1953 exactem

10 2050 23 2071 ,Ι
58 1999 143 2055 rnor.“
184 1993 268 2054 Dicit
290 1999 387 2053 autern
408 2001 439 2054 et
459 1992 494 2053 fit
515 1994 567 2065 ito,
589 1995 652 2074 ipse
675 1993 750 2054 enim
769 1991 843 2052 dixit
861 2000 892 2052 et
905 1989 989 2051 iactu

58 2100 121 2153 rnut.
161 2093 254 2155 Tunc
278 2092 482 2174 antemium,
509 2095 624 2174 quaudo
648 2091 792 2173 (utinire
814 2091 911 2164 dicet)
935 2090 988 2149 rio·

18 2194 26 2247 ἶ-
57 2191 131 2251 niune
161 2191 362 2270 cognoscitur
390 2193 502 2273 judicie
530 2192 661 2264 iacienr,
690 2199 722 2252 ct
753 2190 864 2251 corruit
884 2187 987 2268 impiae

17 2302 21 2347 !
57 2278 238 2371 inoperibor
261 2290 334 2351 euie.
377 2292 572 2354 Reveietione
602 2293 676 2350 enim
698 2289 835 2349 veritatir
872 2284 987 2368 cogno·
1037 2370 1040 2375 Ι

17 2376 22 2434 ¹·
56 2389 139 2463 utitor,
162 2390 243 2451 eicut
265 2392 462 2469 supradixit:
505 2389 688 2469 „increpasti
710 2396 829 2473 genter,
850 2395 882 2445 et
903 2384 990 2463 periit

16 2436 22 2551 i
55 2486 172 2568 iapinr‚“
216 2491 283 2550 Non
306 2491 381 2550 eninr
402 2492 487 2552 nobie
506 2489 755 2569 praedicantibus,
784 2486 837 2546 red
859 2486 924 2545 Deo
944 2483 988 2542 in·

15 2557 21 2673 i
56 2597 201 2668 crepante,
235 2588 377 2669 Judieium
413 2588 546 2654 faciente
583 2597 616 2650 et
647 2582 856 2649 incrementum
898 2585 987 2643 dante

15 2692 19 2703 '
55 2700 196 2749 rertnntur
215 2688 306 2768 impii.
336 2758 346 2785 x

13 2862 16 2885 ÷
120 2805 250 2866 Mutatio
267 2811 371 2866 autern
400 2825 437 2867 ac
463 2804 552 2868 victis
569 2805 629 2869 irae
649 2801 766 2864 ratione
788 2797 897 2879 impiis,
928 2797 989 2878 jour

13 2914 16 2971 j
56 2919 140 2965 reru·
162 2914 235 2987 eet,
265 2924 336 2966 eree
367 2913 484 2984 captum
506 2905 610 2984 pedem
632 2923 731 2964 eorum
751 2903 875 2982 laqueo,
905 2915 989 2976 quern

13 2998 16 3005 ’
57 3000 101 3079 ipri
118 3005 350 3074 absconderunt,
371 3011 404 3064 et
426 3006 578 3067 demeum
599 3003 628 3064 in
649 2999 779 3072 interito,
802 3018 884 3080 quern
906 2997 989 3056 iece-

13 3158 17 3165 .
59 3111 125 3177 rut,
155 3106 224 3186 qnia
245 3102 395 3165 interitum
417 3106 616 3184 ctiaqueunr,
651 3121 735 3182 quem
756 3098 861 3180 pietati
890 3098 989 3175 jurtn·

61 3217 106 3261 rrn
123 3201 326 3275 intentarunt,
357 3211 391 3262 ut
412 3206 572 3281 perderent
593 3222 673 3272 euni,
708 3220 799 3280 paena
821 3204 868 3257 cet
890 3192 988 3274 potrus

64 3316 141 3362 torn·
177 3303 335 3382 impietur,
372 3310 404 3362 et
431 3303 520 3382 periit
551 3303 627 3380 ipse.
669 3301 734 3359 Nou
767 3305 865 3358 autern
886 3295 990 3369 eodeni
1071 3290 1077 3297 ’

65 3393 162 3461 ἰιίεῐίῐιι
182 3402 354 3481 perierunt,
377 3422 463 3482 quern
481 3401 628 3472 fecerunt,
647 3400 714 3460 'red
737 3395 836 3468 simili,
859 3394 926 3475 quie
946 3390 991 3453 ia·
1033 3402 1036 3409 ’

68 3498 152 3560 tuum
176 3503 302 3581 pietatis
331 3509 362 3562 et
390 3503 527 3583 impietae
560 3521 619 3562 uon
646 3504 716 3559 aunt
744 3497 819 3558 idem
840 3493 988 3561 interitui,

70 3596 107 3657 ud
128 3599 225 3661 niniiir
257 3600 383 3665 formae.
425 3602 511 3664 undo
537 3599 584 3661 iric
614 3600 703 3660 iocur
724 3597 762 3658 ad
783 3605 899 3674 tropunr
920 3607 992 3667 ape·
