2286 4042
144 200 188 262 '72
266 196 270 203 '
351 148 894 283 Operationasiupsaimoa.

77 442 80 447 .
147 393 291 478 gloriam,
322 394 460 454 bonorem
483 380 653 468 exsultare,
683 415 739 457 nee
770 396 859 455 habet
881 384 966 468 uiinr'n
990 416 1096 478 quere·
1127 418 1141 457 ιι

148 500 224 572 iam,
256 518 311 562 uec
342 499 407 580 agit
428 519 548 560 eausam
579 520 641 559 cum
664 502 860 572 aduersariis,
893 504 945 561 sed
967 502 1141 563 fructum·

144 604 297 687 pensionis
327 608 564 683 praecedentium
593 607 749 668 summario
783 609 915 689 colligit,
953 609 1141 684 recitans„r

149 714 234 794 quara
264 711 331 770 nihii
363 721 800 796 promoveautpersecutorer‚
822 721 854 773 et
884 713 968 794 quam
1001 714 1096 777 deiici-
1123 720 1141 777 .ἰ

79 806 83 817 “
149 824 199 880 ter
220 819 328 878 hebeat
351 839 476 896 passus,
506 828 596 900 atque
627 820 654 880 id
676 829 710 879 nt
730 819 757 878 in
781 819 1023 899 capiteomnium
1044 838 1096 901 pa:
1123 800 1135 883 ι

148 924 281 987 tieutium
304 925 423 984 Christo
444 926 615 998 inchoaret,
647 925 758 1003 optime·
777 907 982 986 conveniebat.
1025 926 1095 987 idac

149 1029 260 1109 optimo
294 1029 395 1089 ordine
427 1037 554 1091 octavus
577 1038 609 1091 et
630 1037 700 1108 post
720 1028 938 1090 tribulationum
960 1027 1094 1093 Psalmi

147 1134 300 1214 sequitur,
334 1142 367 1194 et
388 1135 534 1195 Christum
557 1135 636 1197 cauit
656 1133 724 1194 loco
745 1133 837 1212 primo
861 1135 940 1194 inter
961 1137 1097 1215 gaudeu-

70 1276 74 1286 =
148 1243 199 1299 tas
220 1246 252 1298 et
284 1239 453 1318 passionum
485 1241 628 1301 victores.
672 1236 800 1317 Oportet
833 1239 1095 1315 euimtribniatos

148 1340 293 1403 bueron·
335 1343 501 1416 consolari,
538 1353 571 1404 ut
608 1344 724 1423 possint
766 1343 922 1414 sustinere,
963 1343 1032 1415 ideo
1063 1352 1097 1406 et

37 1524 41 1539 ἢ
136 1422 288 1513 'Psoi-as
309 1468 386 1513 nuno
407 1451 523 1532 iactos,
553 1470 629 1511 nnuc
651 1448 776 1529 tristes,
801 1448 884 1509 vario
914 1449 1016 1510 ordine
1036 1448 1108 1510 'mi-—

150 1534 238 1622 socri,
260 1561 294 1612 ut
315 1555 390 1615 baec
410 1555 476 1634 ipse
497 1555 676 1616 diversorum
698 1551 878 1613 Psaimorum
906 1552 1035 1615 mixtura
1062 1562 1097 1617 et

150 1655 277 1717 coufura
298 1658 444 1718 ordinatio
470 1638 579 1738 (sicuti
593 1657 731 1737 putatur)
754 1658 905 1737 exemptor
920 1668 1002 1717 esset
1015 1658 1097 1723 vitae

149 1760 344 1834 christianae,
377 1781 453 1842 quae
486 1762 564 1823 iuter
592 1760 691 1822 variar
722 1761 925 1823 tribulationes
946 1762 1042 1825 muudi
1062 1769 1096 1826 et

149 1864 379 1927 consolationes
394 1866 454 1926 Dei
473 1876 641 1930 exercetur.
1042 1870 1046 1875 ’

233 1969 377 2030 inchoata
398 1971 498 2052 itaque
520 1973 635 2032 laetitia
656 1973 708 2032 Ps.
730 1970 957 2041 octarocbristi
978 1971 1095 2053 capitia,
1132 2026 1139 2033 .

149 2073 275 2135 omnium
298 2075 467 2154 passionum
489 2076 620 2149 victoria,
643 2085 726 2138 recte
749 2077 935 2156 subsequitur
947 2078 1004 2140 boc
1017 2097 1097 2140 sono

150 2186 182 2240 et
204 2180 335 2256 corporis
366 2181 411 2240 sui
443 2181 590 2242 ecciesiae
618 2181 733 2241 laetitia
766 2184 802 2241 de
835 2200 951 2241 suornm
979 2190 1097 2264 quoqne

149 2284 370 2368 tribulationum
390 2284 534 2357 victoria,
570 2291 618 2356 ut,
648 2306 731 2365 quem
764 2294 870 2347 secuta
901 2295 950 2348 ast
971 2286 1097 2351 rumis

37 2412 44 2431 1
148 2389 397 2467 praecedentibus
417 2390 466 2450 via
486 2390 652 2476 passionis,
683 2391 811 2475 ejus-sit
832 2399 864 2451 et
885 2392 969 2469 soria
988 2410 1098 2454 conco-

149 2491 279 2565 datiouir,
301 2493 437 2572 exemplo
459 2503 491 2554 et
516 2499 566 2568 (ut
588 2495 708 2572 dicitur)
731 2496 813 2558 reiut
835 2495 930 2576 digito
950 2504 1097 2558 monstra-

148 2602 218 2656 tura
239 2595 505 2679 conhrmnturaque
527 2600 565 2671 id,
588 2601 665 2680 quod
687 2602 738 2661 Pr.
760 2600 961 2677 praecedente
987 2599 1097 2661 dictum

149 2680 232 2760 estz*
257 2703 328 2774 „Ex
360 2724 412 2765 ora
433 2705 584 2770 infantium
617 2713 649 2764 et
670 2706 840 2766 lactentium
863 2702 1017 2782 perfecisti
1036 2703 1096 2764 vir·

149 2811 242 2865 tutem
264 2814 386 2886 proptor
408 2808 596 2868 adversarios
619 2817 705 2882 tuos,
738 2817 773 2869 ut
795 2810 932 2869 destruas
952 2806 1096 2868 inimicum

148 2916 181 2967 et
202 2908 362 2973 ultorem.“
405 2912 527 2992 Pergit,
558 2911 691 2991 iuquam,
725 2907 886 2973 ostendere
906 2913 981 2973 banc
1003 2911 1096 2972 virtu·

148 3018 208 3073 tem
232 3013 291 3074 oria
311 3014 454 3076 infantilis
466 3060 475 3088 ,
498 3026 530 3076 et
552 3018 697 3076 Christum
721 3036 811 3094 super
832 3016 928 3077 omnia
949 3014 1096 3076 coustitu-

148 3122 219 3189 tum,
251 3126 285 3179 ut
312 3139 369 3180 uon
391 3121 490 3200 inepta
503 3108 508 3115 ’
520 3123 595 3181 buno
613 3122 756 3183 Pseimum
780 3141 871 3200 queas
888 3117 1096 3200 praecedentis

149 3224 312 3300 exemptum
335 3225 507 3287 existimare
527 3245 718 3304 expressum,
751 3246 815 3286 oum
843 3227 873 3287 iu
895 3245 933 3286 eo
955 3224 1096 3285 adversa·

147 3322 274 3397 fimum,
295 3327 473 3393 ildmicorum
495 3340 526 3391 et
548 3333 673 3392 ultorum
696 3331 878 3403 destructio,
908 3337 940 3391 et
953 3324 1115 3409 ιιιιιιςιιὶίί-·

148 3430 229 3490 catio
251 3434 374 3495 nominis
389 3442 432 3498 ‘ac
452 3435 612 3499 iaudisDei
634 3435 677 3495 sio
698 3443 855 3507 tractetur,
876 3449 910 3495 ut
932 3434 1008 3495 aliud
1028 3433 1095 3494 fere
1131 3500 1134 3505 ¹

146 3533 214 3594 nihii
236 3543 396 3603 tractetur.
419 3540 523 3609 ”nub
537 3545 609 3606 enim
633 3518 728 3601 David
751 3539 887 3599 uirtutem
910 3558 949 3598 rx
972 3546 1024 3602 or‘e
1051 3538 1095 3599 ia·

128 3636 270 3702 ,lentium
285 3641 501 3724 perficiendam
522 3644 704 3732 cognouisse
726 3645 857 3708 cernitur
876 3646 927 3708 Pa.
942 3650 984 3720 8,
1006 3664 1093 3718 nunc,
