2176 4050
125 152 184 232 rau
245 176 251 201 ⁸
327 125 912 245 „0‘psratiouesiunsalnsue'
1004 158 1010 165 ’

84 389 87 397 ·
122 358 305 439 'superbiero
326 367 361 420 ut
381 360 432 418 Pr.
450 363 535 420 lob:
579 356 731 436 „Superbo
755 354 841 437 anulo
862 361 894 419 et
913 353 1021 416 insuti·

125 450 224 532 eorde,
246 479 310 520 eum
330 444 387 516 boe
408 474 465 516 uun
488 456 639 527 edebam,“
661 461 694 514 et
713 460 804 517 luae
831 440 1021 526 „bonini

76 582 79 587 ¹
112 551 174 618 o'st
195 557 357 619 exaltatum
379 574 431 614 eur
451 574 564 624 ιιιιιιιιι,1
584 571 679 633 neque
699 551 771 613 elati
791 560 863 613 sunt
884 552 960 613 nesii
979 570 1021 613 ιιι

125 657 253 736 bleoque
272 654 384 736 judicio
405 661 428 726 5
450 673 503 732 pro
532 658 560 727 2
581 648 720 732 legentes
742 652 977 716 transtuleruntt
1010 656 1021 713 l

110 769 250 829 eunoun
275 765 473 853 altitudinem,
503 786 556 826 reu
578 765 1021 845 seeundum-multitudineme

128 867 280 928 dicendum
302 865 411 924 luerit:
432 866 462 925 ln
486 865 649 926 altitudine.
694 868 781 933 uano
803 875 902 929 nutem
924 868 961 930 sl
976 868 1021 928 uo

127 967 188 1027 istu
216 957 373 1027 multitudo
404 964 467 1025 irae
490 965 525 1024 nb
547 963 707 1026 illustribus
739 967 873 1047 putribus
893 966 1021 1027 relatae

128 1065 281 1126 slistinetio
304 1062 424 1126 versus
443 1065 519 1125 male
548 1064 646 1143 positu
674 1066 705 1125 in
726 1074 818 1127 nassa
838 1065 912 1139 luit,
942 1066 1021 1126 refert

130 1165 205 1226 enim
227 1163 409 1242 olimpium.
518 1200 521 1205 >
873 1186 875 1191 ·

209 1281 251 1341 ut
276 1280 355 1360 qood
383 1278 433 1349 „in
463 1286 626 1357 conspeetu
656 1280 742 1360 ejus“
772 1286 879 1341 noster
912 1276 999 1347 lixit3

129 1380 279 1456 Hierony.
299 1378 328 1438 in
352 1377 488 1450 *omnibns
516 1379 745 1458 cogitationibus
767 1379 845 1449 suis,
873 1395 932 1436 non
953 1374 1021 1434 mnlu

130 1477 228 1545 ollieit
259 1477 377 1548 sensui,
412 1485 508 1537 tamen
545 1478 574 1539 in
603 1480 731 1559 bebrneo
761 1479 864 1540 eadem
894 1474 983 1535 dictio
1008 1494 1021 1543 e

131 1597 214 1656 quam
237 1574 371 1654 superins
392 1595 483 1639 versu
505 1578 635 1637 seeundo
657 1577 706 1650 „in
725 1577 883 1647 eonslliis“,
906 1575 1021 1635 stillent

129 1675 159 1734 iu
181 1674 343 1734 sceleribus
364 1675 596 1747 transtulerunt,
627 1685 662 1736 ut
682 1674 781 1738 videat
801 1675 899 1735 lentur
917 1693 964 1732 me
984 1690 1021 1751 sn}

49 1843 51 1850 Ι
130 1773 190 1832 rius
205 1778 296 1832 reete
317 1771 346 1830 in
377 1791 463 1835 unum
496 1772 633 1834 eonllatis
654 1776 784 1837 omnibus
805 1770 1021 1854 significationi

129 1874 186 1938 bue
215 1871 360 1930 vocabulo
389 1871 572 1934 intellexisse
608 1874 766 1934 monstrum
802 1872 873 1933 illnrl
903 1880 936 1932 et
963 1872 1021 1931 tarr

129 1971 299 2050 inpiorum,
342 1989 425 2048 qnam
471 1981 580 2033 vocant
617 1975 720 2033 bonnm
749 1973 959 2042 intentionem,
995 1970 1020 2049 pi

34 2059 46 2071 Χ
101 2092 104 2104 ·
131 2072 242 2139 selum,
266 2088 391 2129 amorem
413 2071 560 2133 veritatis.
604 2073 717 2132 Contra
744 2073 819 2132 bane
840 2071 915 2130 enim
937 2071 1021 2148 bypor

41 2246 46 2254 ¹
101 2159 105 2169 ’
132 2171 186 2230 sim
208 2169 355 2227 invebitur
377 2169 495 2246 spiritus
512 2169 618 2230 Psalmi
640 2172 736 2252 bajus,
758 2192 815 2251 qua
836 2170 1021 2229 exeuseatir

130 2255 269 2329 videntur
289 2267 343 2327 sibi
363 2269 565 2347 blasphemare
589 2271 691 2343 Deum,
715 2272 768 2332 sel
790 2269 917 2330 maxime
935 2269 1021 2349 lanis

130 2386 187 2427 nee
201 2367 376 2448 superbire,
408 2375 460 2427 aut
481 2370 639 2430 incendere
668 2389 828 2449 pauperes,
858 2369 912 2428 sel
934 2386 1021 2445 perse

31 2491 33 2499 >
132 2466 274 2540 superbus
296 2473 328 2525 et
349 2465 469 2544 impios,
501 2487 559 2528 nee
581 2468 785 2546 comprehendi
806 2468 868 2527 suis
890 2466 1018 2527 consiliis

128 2566 207 2641 falli,
236 2566 291 2651 seul
321 2567 464 2627 liberrima
494 2572 527 2627 'et
558 2562 737 2642 tentissimn
767 2568 895 2629 veritate
924 2566 986 2646 agi.

131 2666 224 2727 Deum
247 2684 316 2726 esse
336 2667 366 2727 in
388 2669 449 2728 suis
462 2661 601 2730 'consiliis
624 2674 655 2727 et
675 2669 751 2727 bona
769 2665 944 2737 intentione,
967 2679 1021 2725 eeu

115 2765 198 2824 'simi
220 2775 305 2836 sunt,
337 2773 369 2824 et
388 2767 416 2825 in
446 2767 625 2838 uuiversum,
655 2766 790 2846 quidquid
810 2766 867 2823 boe
889 2766 1006 2824 Psalmo

131 2862 307 2943 imponitur,
329 2863 404 2922 aleo
426 2886 446 2922 n
466 2886 499 2924 se
521 2866 643 2925 alienum
665 2884 735 2924 esse
758 2865 887 2946 ducunt,
913 2871 948 2925 ut
968 2883 1021 2924 eon

116 2965 236 3024 -nreliae
270 2969 303 3022 et
334 2961 455 3022 convitii
491 2952 564 3023 loeo·
594 2966 738 3034 babeant,
760 2972 865 3022 eontra
904 2982 981 3044 quae
1017 2981 1021 3041 1

133 3070 239 3122 saneta
255 3119 258 3127 ,
274 3060 404 3122 veritate
441 3069 472 3121 et
510 3064 621 3123 bonore
651 3063 707 3123 Dei
736 3069 768 3123 et
794 3062 893 3143 gloria
926 3061 1021 3125 sceler

132 3179 269 3220 summurn
297 3160 431 3235 meritum
463 3172 599 3239 sperent,
630 3163 655 3220 si
677 3169 810 3241 pugnent
832 3162 964 3221 omnibus
984 3180 1021 3220 ιιιι

132 3258 229 3328 dietis,
251 3257 336 3330 ululis,
359 3258 489 3332 artibus,
512 3262 631 3342 viribus,
654 3282 780 3341 esseque
802 3259 901 3339 potius
922 3261 1021 3322 baeer

130 3375 203 3429 rum,
224 3376 298 3436 quos
320 3374 544 3440 persequuntur.
613 3412 632 3447 ι,

214 3473 260 3533 lta
288 3472 339 3548 lit,
366 3486 400 3537 ut
432 3478 565 3539 caecitas
584 3477 733 3557 impiorum
754 3477 872 3556 primum
894 3473 1021 3535 malumo

132 3589 225 3635 eausa
246 3572 340 3635 totius
361 3576 524 3657 bujusbelli
547 3583 579 3636 et
597 3576 720 3638 omnium
733 3578 881 3636 mulorum.
926 3576 1020 3635 lixum
