2286 4042
45 148 47 154 Ι
94 173 152 233 lte
301 169 571 257 operationes
601 168 634 227 in
657 132 855 246 psalmus„
962 190 969 218 ι

54 346 56 351 ,
93 350 223 432 scritate
245 364 320 429 llari.
362 368 404 427 Et
425 373 518 438 certe,
539 351 573 425 nt
594 365 630 426 de
650 331 755 428 Tirrcn
777 376 892 430 taceam
911 371 1037 444 iuterim,

96 471 240 533 sinestri
260 471 417 551 pravitatis
447 464 635 551 inquisitores
655 446 687 530 et
708 471 848 533 hnmanae
871 477 1037 553 scripturae

92 576 275 660 interpretes
297 577 373 637 hnnc
391 584 520 635 'versrtrn
541 593 598 635 non
618 576 678 654 jorn
705 576 751 633 diu
772 575 964 654 impleverunt
986 589 1038 640 aut

93 680 234 762 implent,
267 679 388 767 fortiter
420 687 517 741 tamen
561 679 735 740 antichristo
773 680 962 758 praeludunt,
1005 693 1037 744 et

17 787 22 799 '
95 788 232 865 exemplo
256 806 311 846 suo
333 756 418 844 nobis
440 772 561 843 sensum
579 784 645 863 ejnr
667 785 775 844 clarum
796 787 936 858 reddunt,
959 791 1037 868 quod

12 873 15 877 ⁵
81 911 160 961 ,enm
181 891 259 952 bona
280 888 367 950 venl'o
387 874 487 948 eorum
510 888 672 947 dixerim.

8 992 12 1001 “
177 988 302 1057 Primum
335 986 524 1053 antichristus
553 991 610 1052 ooli
640 991 732 1051 oili
721 1012 769 1072 pus
796 993 1035 1072 interpretandae

76 1164 78 1173 ἱ
96 1100 264 1178 scripturae
286 1097 455 1179 arrogabit,
490 1100 569 1158 sient
590 1086 694 1156 'l'urcn
716 1097 832 1180 coepit,
863 1109 895 1158 et
914 1102 1037 1160 omnium

95 1205 360 1268 eliorum-rensuum
379 1211 473 1283 coget
493 1221 547 1261 ruo
570 1192 714 1273 submitti,
745 1204 810 1283 quin
833 1204 957 1264 dubitari
978 1226 1036 1264 non

93 1309 177 1372 volet
199 1328 280 1367 snam
302 1326 404 1391 uocem
427 1327 495 1366 esse
508 1306 626 1367 ‘christi
646 1326 768 1399 vocem,
792 1307 847 1368 'eni
868 1330 925 1368 non
946 1309 1037 1369 liceat

96 1415 214 1475 dicerer
256 1413 316 1472 Gur
346 1412 389 1471 ita
420 1410 516 1472 faciel
503 1409 672 1472 letiamri
705 1414 857 1472 sexcentis
891 1414 1035 1490 apostolis

22 1534 23 1538 ’
95 1526 202 1580 eontra
233 1534 375 1619 pugnero
403 1512 444 1572 Ει
475 1513 550 1573 trono
589 1515 658 1596 ejus
685 1513 863 1592 impietatem
892 1513 1037 1572 fovebunt

94 1622 223 1702 plurimi,
245 1629 289 1681 et
298 1600 501 1702 praesertim'
493 1617 531 1697 ri,
554 1619 601 1697 qui
624 1619 728 1698 aliquid
751 1628 821 1696 sunt
840 1618 868 1676 in
890 1617 945 1677 lrac
966 1616 1036 1686 vita,

94 1745 197 1804 nempe
218 1729 391 1804 magnates,
414 1722 564 1790 doctores,
585 1721 735 1801 religiosi,
757 1741 814 1780 nun
838 1721 910 1780 enirn
934 1732 1036 1798 aperte

27 1848 29 1857 ·
94 1830 182 1889 tollet
201 1826 404 1906 evangelium,
436 1825 489 1885 sed
520 1823 643 1917 subdola
670 1823 728 1885 hoc
760 1831 824 1883 arte
853 1831 885 1882 et
916 1825 1035 1882 occulte

95 1934 237 2007 operante
260 1925 300 1987 vi.

88 2082 95 2089 .
176 2029 310 2093 Undeb.
333 2029 413 2112 Aug
449 2029 520 2092 dicit
552 2031 609 2091 lroc
629 2029 716 2113 loco,
748 2032 866 2110 primam
888 2033 1035 2094 ecclcsiae

23 2151 26 2159 ·
59 2124 61 2135 ¹
95 2132 333 2227 persecutionem
366 2133 458 2209 luisse
486 2134 644 2207 violentam
674 2155 726 2214 per
754 2138 849 2196 mundi
875 2138 1035 2218 principes,

94 2240 253 2299 secundam
284 2236 497 2298 fraudulentam
527 2259 580 2318 per
610 2239 797 2312 haereticos,
830 2235 946 2301 tertiam
969 2244 1035 2304 lore

1 2399 4 2410 ,
94 2342 253 2415 eicientem
274 2350 306 2402 at
327 2340 538 2404 fraudulentam
560 2343 662 2426 simul,
685 2343 732 2403 ubi
753 2345 867 2405 reticet
888 2354 1034 2427 tempora·

40 2513 42 2517 ,
64 2436 66 2440 ’
92 2448 130 2509 lia
152 2454 184 2508 et
215 2446 375 2526 spiritualis
402 2456 540 2526 potestne
571 2447 600 2508 in
618 2468 711 2515 nuum
728 2450 908 2510 convenient
929 2453 1035 2511 adver·

45 2541 48 2550 Α
94 2571 147 2613 ouo
167 2533 312 2612 dominum
334 2561 365 2614 et
386 2551 532 2641 Christum
554 2551 630 2635 ejus.
673 2555 742 2614 Hoc
765 2562 822 2625 est,
846 2557 922 2635 quad
947 2556 1033 2615 dicit.

14 2710 17 2715 .
91 2656 207 2732 „Sedet
239 2656 269 2718 in
298 2634 439 2729 insidiisf‘
472 2648 592 2734 idest,
626 2657 733 2718 doctor
754 2665 801 2727 est
821 2659 980 2718 insidiosus
1003 2670 1035 2720 ct

1 2834 5 2845 ¹
60 2826 62 2831 Α
91 2740 253 2843 pestilens,
283 2760 362 2822 sicut
389 2761 609 2842 rs.1.:,‚1n
638 2762 774 2823 sessione
804 2763 952 2823 illusorum
974 2786 1033 2825 oon

14 2908 19 2914 ·
67 2866 212 2955 ⁸terlit.“·
246 2866 312 2924 Non
335 2863 408 2939 enirn
430 2865 574 2926 Chriotum
593 2867 697 2948 dccet,
720 2868 773 2928 sed
794 2868 851 2927 lroc
872 2868 1032 2927 insidiosis·

83 2968 175 3047 ,ιιὶιιιιιΙ
196 2974 229 3028 et
250 2967 379 3028 omnibus
410 2969 521 3029 artibus
551 2968 634 3051 ogit,
666 2971 790 3050 ut'ipre
813 2973 895 3030 solus
917 2973 1032 3045 sedeat,

4 3124 8 3139 ,
91 3073 185 3154 ipsum
208 3074 300 3134 solnm
322 3093 422 3134 omnes
444 3073 581 3147 audiant,
611 3075 810 3155 magisterium
833 3076 955 3135 omnium
978 3078 1033 3136 sibi

94 3177 150 3243 eali
179 3179 331 3249 vendicet,
362 3177 472 3236 arbiter
500 3174 556 3237 fiat
586 3177 725 3252 omnium,
758 3179 881 3259 quaein
904 3179 1033 3241 ecclesia

21 3288 25 3295 ‘
93 3280 277 3359 doceantur,
316 3281 506 3361 damnaturus
542 3289 573 3343 ct
608 3283 801 3362 probaturus,
841 3302 1032 3363 quaecunque

92 3383 277 3466 placuerint,
302 3382 426 3446 maxime
448 3405 524 3465 qnae
546 3394 652 3446 contra
673 3394 704 3447 et
719 3362 778 3466 'pro
800 3389 955 3464 tyrannide
977 3408 1032 3449 sua

92 3489 257 3560 valuerint,
278 3508 345 3550 nom
367 3498 470 3550 cetera
491 3509 548 3552 nou
570 3479 750 3571 magnopere
772 3492 896 3554 curabit.
998 3530 1000 3546 .

170 3592 259 3663 lianc
283 3601 387 3656 auten
418 3588 599 3683 insidiosam·
615 3594 824 3657 anctoritatem
856 3595 980 3658 docendi
1001 3596 1061 3659 vi.
