2286 4042
7 192 11 202 ’
88 140 193 237 ’Μ
316 167 585 261 operationes
618 168 653 234 in
683 177 869 255 psalmos.

60 407 63 411 ‹
131 367 253 429 dnornm
280 336 384 449 regom
415 331 458 429 sd
482 366 573 431 unam'
597 387 732 483 nepsam·
754 360 1076 457 mendaciom'loqneu-

12 562 16 569 Ι
89 506 91 511 ⁴
131 473 203 559 tium
224 470 375 536 describit.
429 560 431 565 Α

29 717 31 725 1
146 750 149 758 ,
198 683 284 744 rldeo
307 687 339 743 et
357 679 463 767 plurali
483 699 602 742 numero
623 681 763 765 loquitur,
784 702 821 746 ne
843 685 880 745 ds
900 703 959 745 nna
977 684 1076 765 aliqua

132 788 226 849 solum
250 795 336 848 seete
356 783 655 866 loqui‘iotelligotur‚
685 807 750 848 enm
779 788 830 848 Pa.
854 793 903 855 1⁰.
936 789 1076 855 antichri-

131 901 208 954 stum
218 878 322 953 'ferme
352 888 494 969 singulari
514 908 633 950 numero
654 892 858 970 expresserit,
892 904 924 953 et
951 894 1075 972 epitasis

92 994 94 1002 '
131 1006 180 1058 est
213 997 266 1079 „in
286 995 376 1056 corde
396 1000 428 1053 et
450 992 576 1076 norde,“
605 993 672 1073 quia
701 996 858 1056 seeundum
886 996 993 1057 faeiem
1023 1000 1073 1058 ali·

130 1103 248 1183 puando
271 1096 470 1169 conueniunt,
509 1097 650 1170 seilicet,·
674 1106 780 1159 eontra
806 1100 973 1164 veritatem.
1023 1104 1073 1163 Sio

101 1285 102 1288 Ἴ
131 1206 183 1268 l’s.
203 1211 252 1268 2:
295 1203 504 1277 „Adstiteruut
524 1221 615 1283 reges
636 1209 753 1274 terrae,
782 1211 815 1264 et
835 1205 979 1306 principes
1002 1226 1074 1266 non·

24 1346 26 1351 ·
129 1316 276 1373 venerunt
307 1308 337 1370 in
372 1324 459 1367 unum
493 1306 644 1368 sdversns'
670 1308 831 1382 dominnm,
863 1317 895 1371 et
928 1308 1074 1371 adversus

131 1417 277 1476 Christum
299 1414 396 1494 ejus,“
418 1410 466 1492 spui
486 1419 583 1472 tamen
605 1411 682 1472 inter
702 1431 735 1473 se
758 1413 957 1486 diversissimi,
978 1414 1072 1495 pirari-

52 1540 55 1552 ·
130 1522 201 1594 snei,
223 1518 381 1588 saducaei,
402 1515 541 1589 Romani,
562 1516 691 1597 gentiles
712 1523 744 1579 st
764 1519 813 1598 alii
833 1519 963 1582 fuerunt.

78 1750 80 1756 ·
153 1743 154 1747 ’
211 1729 280 1790 Hon
302 1729 446 1805 Sampson
467 1723 495 1784 in
516 1725 650 1804 vulpibus
671 1725 820 1808 ostendit,
850 1749 970 1810 quarunt
1001 1748 1073 1791 ean·

130 1837 185 1896 das
207 1830 378 1913 conjunxit,
409 1828 542 1890 faciebus
572 1829 601 1889 in
633 1830 751 1891 diuersa
784 1834 891 1898 versis.
942 1835 1072 1912 anpiurn

120 1941 205 2002 -enim
227 1939 322 1998 iacies
343 1933 393 1995 est
413 1933 561 2014 impiorum
579 1934 706 1995 conditio
722 1937 798 2013 opud
809 1937 902 2032 [lpum
923 1946 956 1998 et
967 1939 1072 2017 spiritu

130 2043 269 2123 cognita,
299 2039 348 2100 ubi
368 2046 437 2099 sunt
457 2038 677 2112 factiosissimi,
700 2040 795 2099 nanda
816 2049 865 2101 est
886 2041 1071 2123 extremitas,

130 2156 163 2208 et
184 2168 241 2228 qun
261 2163 389 2226 persona
410 2144 528 2203 suntin
549 2143 640 2204 oeulis
659 2144 810 2216 hominurn,
832 2147 879 2205 ubi
896 2148 1073 2208 conveniunt

128 2252 264 2312 inunum
295 2249 323 2309 in
353 2245 421 2329 igne
443 2248 657 2327 persecutionis
687 2249 725 2309 ad
752 2249 917 2327 perdendas
947 2259 1072 2333 segetes

129 2363 247 2439 terrap,
268 2353 297 2413 id
319 2361 383 2426 est,
406 2352 557 2414 doetrinae
579 2361 611 2415 et
633 2374 750 2433 operum
779 2352 848 2414 fidei
877 2375 930 2415 seu
951 2356 1071 2436 spiritus

127 2460 337 2522 vastationem.
378 2457 712 2522 Berisamum:
755 2458 914 2532 „Divinum
941 2468 990 2521 est
1019 2479 1072 2521 nor

128 2585 244 2638 eorum,
266 2583 343 2626 nuno
363 2562 565 2636 interibunt,“
586 2584 651 2626 enm
670 2562 890 2643 praemisisset:
932 2567 1072 2636 „Sanun-

31 2656 32 2661 ¹
69 2678 74 2693 ‘
102 2671 194 2749 ''dum
214 2669 423 2731 multitudinem
463 2669 581 2731 fruetus
625 2668 827 2748 multiplicavit
860 2667 967 2728 altaria
1001 2657 1094 2729 vitisx

127 2776 265 2848 lsrael,“
285 2776 316 2837 id
336 2782 400 2846 est,
421 2773 450 2836 in
473 2781 574 2836 sertas
596 2774 690 2836 divisa
711 2781 769 2837 est.
813 2774 881 2832 Hoo
903 2778 971 2844 est,
992 2771 1071 2852 quod

127 2882 299 2959 prophetam
322 2878 489 2940 exclamare
517 2878 620 2960 coegit
648 2885 781 2940 sanctum
814 2873 960 2957 deficere,
993 2876 1071 2956 qnod

125 2984 235 3044 multae
256 2992 361 3045 essent
382 2992 505 3062 sertae,
535 2991 567 3045 st
595 2991 692 3044 tamen
713 3002 814 3042 omnes
836 2989 941 3041 eontra
960 2979 1071 3041 verita·

127 3095 188 3148 tem
216 3085 285 3150 fidei
313 3089 492 3150 devorantes
522 3087 688 3148 universum
721 3085 856 3166 populum
887 3083 952 3146 [lei.
995 3082 1070 3150 (tuis

129 3192 260 3254 omuibus
281 3192 405 3255 resistet
413 3234 422 3263 ,
450 3193 566 3271 quando
588 3190 636 3250 uni
657 3191 712 3251 rix
732 3189 834 3251 resisti
851 3190 976 3268 potasti
1019 3188 1070 3248 Sin

6 3321 19 3379 sp
127 3294 257 3356 eeclesia
278 3303 310 3357 et
330 3295 417 3359 nodis
437 3296 543 3368 habet,
572 3295 666 3355 sestis
687 3293 815 3375 quotidie
835 3293 921 3354 novis
942 3291 1070 3372 repertis

88 3466 90 3470 ,
126 3399 335 3481 veteribusque
356 3399 468 3473 auctis,
498 3400 527 3461 in
554 3398 761 3461 minutissimas
782 3394 886 3478 partes
904 3396 1069 3470 nouseissa,

27 3586 30 3591 Ι
69 3540 71 3547 -
127 3500 244 3564 interim
264 3503 400 3566 caritatis
421 3503 534 3567 unitate
553 3522 676 3583 prorsus
696 3495 847 3586 neglectu.
