2286 4042
256 213 844 339 l’eelmus'qulntnedeoimne.'
963 225 1026 288 360

58 413 189 496 ¹gestire
210 430 229 475 e
249 412 387 494 perieulis
409 413 514 496 erepti,
535 433 592 476 non
615 422 676 478 tent
697 406 775 498 quod
795 414 892 497 erepti
912 422 1021 494 eunus,
1096 491 1097 495 η

70 534 159 595 quen
193 515 271 595 qnod
298 533 355 575 noe
383 514 427 575 ite
454 515 655 596 gesserimus,
685 506 720 578 nt
750 516 824 599 eripi
853 536 1020 597 possemne,

69 613 113 676 lti
129 613 264 696 ineundo
283 612 453 675 nerrotione
478 613 642 676 recitantur
662 613 777 676 evitnts
795 615 943 696 porionle,
972 636 1022 680 re·
1103 642 1105 653 ·

66 712 153 795 pulei·
167 731 278 796 outre„
309 712 474 774 frustratae
494 696 617 787 insidiae
638 711 781 787 hortium,
802 722 836 776 ot
856 716 951 777 nunie
970 716 1021 778 ille

67 812 170 876 studio
189 802 411 885 sollicitudinis,
433 829 510 894 quoe
530 812 691 892 prudentes
712 829 767 872 nos
788 810 966 892 reserante)
988 798 1030 883 in'

66 911 201 993 perienlo
221 909 381 994 pressenti.
422 912 470 972 lte
487 912 622 975 Christus
643 928 759 992 quoque
779 911 926 992 glorietur
946 934 1018 977 sess
1124 950 1130 958 ·

65 1014 242 1093 prudentem
262 1010 357 1072 luisse
386 1011 415 1071 iu
436 1012 518 1073 melis
550 1011 699 1082 terendis,
729 1009 816 1092 idque
837 1010 935 1073 divino
955 1034 1019 1076 nnu-
1043 1049 1045 1052 ⁴

65 1130 150 1185 nere,
171 1111 250 1193 quod
265 1109 450 1191 lrloeplremiis
470 1130 527 1172 non
541 1109 735 1191 responderit,
757 1117 880 1182 mortem
898 1130 955 1174 non
971 1113 1018 1175 in·

66 1211 157 1292 gerit,
168 1210 292 1271 stnnllie
302 1209 401 1272 verbis
411 1217 464 1271 eut
476 1208 565 1271 foetis
573 1209 684 1271 moveri
692 1228 726 1269 se
736 1209 910 1289 permiserit.
919 1213 1018 1276 llulos
1109 1229 1111 1235 ·

67 1317 117 1374 eet
136 1309 214 1371 enim
232 1311 298 1392 ejus
313 1308 485 1383 neminisse,
516 1308 574 1390 spuo
590 1319 623 1370 te
644 1306 739 1370 sentis
760 1307 854 1371 luisse
875 1311 1018 1393 edjntunr.
1110 1366 1112 1373 .

56 1479 61 1487 ,
150 1408 343 1471 Inveniuntur
363 1426 455 1490 sone,
476 1407 541 1490 qul,
573 1427 637 1468 ouue
657 1406 773 1480 velent.
804 1416 888 1470 reete
909 1429 1017 1471 oouru·
1119 1412 1122 1424 '

65 1509 131 1571 lent
157 1507 313 1589 eeprotie,
342 1515 373 1568 et
406 1515 496 1568 extre
522 1505 681 1586 perieulum
710 1503 779 1568 nihil
809 1525 867 1569 non
889 1510 1016 1606 sepiunt,

65 1607 209 1691 nominem
229 1626 288 1667 non
310 1608 419 1679 dooere
439 1605 566 1689 possint,
588 1612 620 1667 ot
640 1605 688 1665 nbi
706 1607 890 1668 ndeoendunt
906 1606 1015 1670 fluetus
1040 1613 1044 1621 '

65 1708 94 1770 iu
114 1708 231 1771 eoelum
252 1713 285 1768 et
304 1705 489 1767 descendunt
511 1705 539 1766 in
561 1706 698 1785 nbyeeum
707 1740 725 1781 ,·
744 1706 841 1767 enims
861 1727 961 1769 eorum
982 1704 1026 1771 in-

64 1805 148 1868 melie
169 1806 313 1880 tebeedt,
345 1806 501 1867 turbentur
528 1813 561 1866 et
589 1815 811 1868 commoventur
832 1805 911 1868 sieut
931 1807 1012 1882 ebrii,
1111 1857 1114 1862 .

65 1913 97 1968 et
116 1905 213 1968 onmis
232 1926 332 1967 eorum
355 1905 500 1986 sepientis
521 1905 699 1987 devoretur,
720 1915 754 1967 nt
774 1907 826 1969 Pe.
850 1912 920 1972 107.
943 1907 1013 1971 dini·

64 2015 123 2082 tur,
142 2014 181 2069 ut
199 2025 285 2068 uento
306 2006 401 2087 ungis
423 2004 556 2087 indigent
577 2004 708 2077 oonsilio,
729 2024 812 2084 quom
833 2005 854 2066 ii
875 2007 1015 2068 oonsilio·

64 2127 127 2168 rum
154 2102 311 2187 prinsipes.
354 2103 480 2166 Proinde
510 2103 667 2184 insiguiter
702 2112 733 2164 et
761 2106 945 2167 excellenter
967 2108 1014 2171 lrio
1066 2157 1071 2163 .

63 2208 164 2293 elnoet
186 2206 281 2268 divine
300 2205 512 2285 misericordie,
535 2224 609 2283 queo
630 2203 658 2263 in
680 2210 812 2283 tempore
836 2214 939 2267 tontes
960 2225 1015 2268 no·
1039 2260 1041 2265 ⁴

63 2304 221 2370 oseeltetie
241 2326 332 2386 prope
354 2314 411 2379 est,
434 2314 466 2366 et
485 2304 614 2364 illustret
635 2323 688 2363 ιιι
708 2304 851 2382 pavidum,
872 2305 959 2383 inope
980 2314 1013 2367 et

64 2426 192 2490 egenum
219 2404 361 2478 oonsilio,
391 2404 468 2485 quod
488 2419 578 2482 suprn
598 2403 728 2484 rogavit,
751 2404 867 2465 diseunt
910 2406 1012 2476 „Oon-
1115 2444 1118 2449 -

64 2526 155 2570 nerse
183 2524 230 2567 me
250 2505 395 2565 domiuo.“
435 2504 482 2564 Eo
512 2503 587 2563 eninr
615 2489 737 2563 oonsilio
759 2511 895 2563 servetur
916 2505 1012 2564 enimn

62 2605 209 2670 inmedio
230 2604 290 2667 isto
310 2605 428 2665 nnrlrree
454 2602 568 2663 mortis.
610 2601 671 2663 Sed
691 2598 817 2682 etipse,
839 2601 925 2682 quele
945 2600 1013 2664 lue·

63 2708 103 2768 rit
122 2707 182 2769 ooo
201 2704 359 2777 eonsilium,
381 2710 524 2784 sequente
545 2720 634 2763 versu
656 2700 745 2763 diost.

145 2805 199 2867 Ex
219 2803 254 2864 iis
275 2802 399 2884 intelligi
418 2810 539 2883 potest,
562 2802 706 2882 quomodo
727 2804 832 2860 nostro
852 2799 1013 2863 trnnslotio

64 2905 101 2966 od
122 2904 246 2967 eunden
268 2922 386 2964 sensum
416 2910 506 2981 quest
526 2900 636 2982 opturi‘,
669 2907 702 2960 ut
729 2899 899 2959 intellectus
921 2897 961 2958 eit
980 2898 1010 2961 id
1043 2974 1048 2983 .

22 3076 24 3083 Ι
63 3006 157 3086 ipsum
179 3001 346 3083 eonsilium,
373 3022 430 3085 quo
450 3002 616 3084 intelliget,
639 3000 706 3082 quid
726 2997 820 3058 fooiot
840 3004 872 3058 et
893 2998 1031 3069 omittet,

23 3160 27 3169 .
63 3106 92 3167 in
112 3102 210 3167 medio
227 3103 388 3183 melorum,
417 3086 455 3162 ne
477 3101 609 3163 offendet
630 3101 739 3171 Deum,
761 3097 815 3157 sed
836 3097 912 3159 unde
932 3116 1030 3180 geu„

64 3205 144 3278 dent,
168 3204 311 3275 exsultet,
331 3201 545 3283 benedicetque
567 3201 710 3262 dominum
734 3203 865 3276 ereptus.

23 3314 26 3393 j
118 3302 209 3373 ,Sed
236 3302 304 3382 ipnid
331 3309 396 3362 ests
438 3302 561 3380 lnsuper
594 3301 731 3361 noctibus
763 3295 931 3358 erudierunt
962 3312 1008 3380 ne

62 3397 152 3466 renes
185 3401 263 3464 nesii
304 3400 363 3468 Qui
393 3406 464 3461 eunt
494 3418 582 3462 renes
611 3398 736 3471 christi,
772 3392 819 3475 qni
849 3414 914 3459 eu·
946 3393 1010 3458 sine
1056 3380 1059 3387 ¹

62 3502 240 3574 emendent,
268 3508 303 3562 nt
322 3500 404 3584 Aug.
425 3498 518 3581 legit,
550 3498 614 3561 eise
644 3496 815 3578 increpent,
841 3501 876 3557 ut
895 3501 1009 3568 notter,
1084 3486 1088 3494 “

59 3641 272 3656 m

114 3695 151 3767 ¹⁸)
172 3694 205 3749 ln
224 3695 288 3763 odit.
307 3695 424 3767 princip.
443 3697 519 3772 lega
536 3696 698 3757 lederet.

19 3816 24 3823 -
80 3785 232 3841 bmlop.
248 3794 331 3840 exque
349 3789 396 3836 Vol.
410 3788 459 3833 XV.
562 3858 564 3863 ⁴
740 3798 822 3863 Ἃ
