<?xml version="1.0" encoding="UTF-8"?>
<!DOCTYPE html PUBLIC "-//W3C//DTD XHTML 1.0 Transitional//EN"
    "http://www.w3.org/TR/xhtml1/DTD/xhtml1-transitional.dtd">
<html xmlns="http://www.w3.org/1999/xhtml" xml:lang="en" lang="en">
 <head>
  <title>
</title>
<meta http-equiv="Content-Type" content="text/html;charset=utf-8" />
  <meta name='ocr-system' content='tesseract 3.04.00' />
  <meta name='ocr-capabilities' content='ocr_page ocr_carea ocr_par ocr_line ocrx_word'/>
</head>
<body>
  <div class='ocr_page' id='page_1' title='image "./exegeticaoperal02luthgoog_0102.png"; bbox 0 0 2176 4050; ppageno 0'>
   <div class='ocr_carea' id='block_1_1' title="bbox 270 178 992 265">
    <p class='ocr_par' dir='ltr' id='par_1_1' title="bbox 270 178 992 265">
     <span class='ocr_line' id='line_1_1' title="bbox 270 178 992 265; baseline 0.001 -25"><span class='ocrx_word' id='word_1_1' title='bbox 270 180 273 187; x_wconf 84' lang='lat'>&#39;</span> <span class='ocrx_word' id='word_1_2' title='bbox 345 178 525 242; x_wconf 69' lang='lat' dir='ltr'><strong>Petimus</strong></span> <span class='ocrx_word' id='word_1_3' title='bbox 546 200 680 265; x_wconf 81' lang='lat' dir='ltr'><strong>nonus.</strong></span> <span class='ocrx_word' id='word_1_4' title='bbox 951 192 992 251; x_wconf 69' lang='lat'><strong>93</strong></span> 
     </span>
    </p>
   </div>
   <div class='ocr_carea' id='block_1_2' title="bbox 49 359 990 935">
    <p class='ocr_par' dir='ltr' id='par_1_2' title="bbox 49 359 990 935">
     <span class='ocr_line' id='line_1_2' title="bbox 50 359 990 458; baseline 0.005 -21"><span class='ocrx_word' id='word_1_5' title='bbox 50 395 147 437; x_wconf 82' lang='lat' dir='ltr'><strong>rem:</strong></span> <span class='ocrx_word' id='word_1_6' title='bbox 191 359 361 447; x_wconf 63' lang='lat' dir='ltr'><strong>‚streniam</strong></span> <span class='ocrx_word' id='word_1_7' title='bbox 388 385 423 436; x_wconf 78' lang='lat' dir='ltr'><strong>ts</strong></span> <span class='ocrx_word' id='word_1_8' title='bbox 448 379 565 438; x_wconf 84' lang='lat' dir='ltr'><strong>domine</strong></span> <span class='ocrx_word' id='word_1_9' title='bbox 585 377 774 458; x_wconf 79' lang='lat' dir='ltr'><strong>ringuteriter</strong></span> <span class='ocrx_word' id='word_1_10' title='bbox 794 378 822 439; x_wconf 90' lang='lat' dir='ltr'><strong>in</strong></span> <span class='ocrx_word' id='word_1_11' title='bbox 844 399 897 458; x_wconf 79' lang='lat' dir='ltr'><strong>spe</strong></span> <span class='ocrx_word' id='word_1_12' title='bbox 917 399 990 442; x_wconf 79' lang='lat' dir='ltr'><strong>sou·</strong></span> 
     </span>
     <span class='ocr_line' id='line_1_3' title="bbox 53 476 990 556; baseline 0.003 -20"><span class='ocrx_word' id='word_1_13' title='bbox 53 477 168 536; x_wconf 84' lang='lat' dir='ltr'><strong>stitnirti</strong></span> <span class='ocrx_word' id='word_1_14' title='bbox 190 482 270 538; x_wconf 83' lang='lat' dir='ltr'><strong>me.“</strong></span> <span class='ocrx_word' id='word_1_15' title='bbox 312 476 414 544; x_wconf 68' lang='lat' dir='ltr'><strong>Quare</strong></span> <span class='ocrx_word' id='word_1_16' title='bbox 441 479 585 556; x_wconf 84' lang='lat' dir='ltr'><strong>propbeta</strong></span> <span class='ocrx_word' id='word_1_17' title='bbox 614 477 680 537; x_wconf 81' lang='lat' dir='ltr'><strong>mibi</strong></span> <span class='ocrx_word' id='word_1_18' title='bbox 701 477 990 556; x_wconf 73' lang='lat' dir='ltr'><strong>adjecisse&#39;ridetur</strong></span> 
     </span>
     <span class='ocr_line' id='line_1_4' title="bbox 53 574 988 656; baseline 0.003 -20"><span class='ocrx_word' id='word_1_19' title='bbox 53 574 168 637; x_wconf 72' lang='lat' dir='ltr'><strong>influe:</strong></span> <span class='ocrx_word' id='word_1_20' title='bbox 201 583 234 635; x_wconf 88' lang='lat' dir='ltr'><strong>et</strong></span> <span class='ocrx_word' id='word_1_21' title='bbox 255 574 328 654; x_wconf 82' lang='lat' dir='ltr'><strong>ipsi,</strong></span> <span class='ocrx_word' id='word_1_22' title='bbox 360 576 409 637; x_wconf 85' lang='lat' dir='ltr'><strong>rel</strong></span> <span class='ocrx_word' id='word_1_23' title='bbox 430 576 538 656; x_wconf 75' lang='lat' dir='ltr'><strong>epilogi</strong></span> <span class='ocrx_word' id='word_1_24' title='bbox 559 576 635 647; x_wconf 82' lang='lat' dir='ltr'><strong>vioe,</strong></span> <span class='ocrx_word' id='word_1_25' title='bbox 656 578 705 637; x_wconf 82' lang='lat' dir='ltr'><strong>vel</strong></span> <span class='ocrx_word' id='word_1_26' title='bbox 726 576 854 637; x_wconf 80' lang='lat' dir='ltr'><strong>affectus</strong></span> <span class='ocrx_word' id='word_1_27' title='bbox 876 579 988 639; x_wconf 70' lang='lat' dir='ltr'><strong>exube-</strong></span> 
     </span>
     <span class='ocr_line' id='line_1_5' title="bbox 50 662 986 755; baseline 0.002 -20"><span class='ocrx_word' id='word_1_28' title='bbox 50 675 155 747; x_wconf 74' lang='lat' dir='ltr'><strong>rantis,</strong></span> <span class='ocrx_word' id='word_1_29' title='bbox 189 695 226 735; x_wconf 84' lang='lat' dir='ltr'><strong>ae</strong></span> <span class='ocrx_word' id='word_1_30' title='bbox 249 675 391 736; x_wconf 78' lang='lat' dir='ltr'><strong>sidicat:</strong></span> <span class='ocrx_word' id='word_1_31' title='bbox 436 676 528 737; x_wconf 79' lang='lat' dir='ltr'><strong>Periit</strong></span> <span class='ocrx_word' id='word_1_32' title='bbox 559 662 697 735; x_wconf 77' lang='lat' dir='ltr'><strong>memoria</strong></span> <span class='ocrx_word' id='word_1_33' title='bbox 732 696 831 736; x_wconf 87' lang='lat' dir='ltr'><strong>eornm</strong></span> <span class='ocrx_word' id='word_1_34' title='bbox 860 684 892 736; x_wconf 90' lang='lat' dir='ltr'><strong>et</strong></span> <span class='ocrx_word' id='word_1_35' title='bbox 919 664 986 755; x_wconf 70' lang='lat' dir='ltr'><strong>insi.</strong></span> 
     </span>
     <span class='ocr_line' id='line_1_6' title="bbox 49 773 987 837; baseline 0.002 -3"><span class='ocrx_word' id='word_1_36' title='bbox 49 773 127 835; x_wconf 75' lang='lat' dir='ltr'><strong>Adeo</strong></span> <span class='ocrx_word' id='word_1_37' title='bbox 148 775 268 836; x_wconf 82' lang='lat' dir='ltr'><strong>seilicet</strong></span> <span class='ocrx_word' id='word_1_38' title='bbox 289 774 404 835; x_wconf 91' lang='lat' dir='ltr'><strong>omniuo</strong></span> <span class='ocrx_word' id='word_1_39' title='bbox 424 775 454 835; x_wconf 94' lang='lat' dir='ltr'><strong>in</strong></span> <span class='ocrx_word' id='word_1_40' title='bbox 475 776 590 836; x_wconf 81' lang='lat' dir='ltr'><strong>nibilum</strong></span> <span class='ocrx_word' id='word_1_41' title='bbox 612 776 746 835; x_wconf 86' lang='lat' dir='ltr'><strong>abierunt</strong></span> <span class='ocrx_word' id='word_1_42' title='bbox 766 795 831 836; x_wconf 87' lang='lat' dir='ltr'><strong>oum</strong></span> <span class='ocrx_word' id='word_1_43' title='bbox 855 775 987 837; x_wconf 82' lang='lat' dir='ltr'><strong>omnibus</strong></span> 
     </span>
     <span class='ocr_line' id='line_1_7' title="bbox 49 858 856 935; baseline 0.005 -3"><span class='ocrx_word' id='word_1_44' title='bbox 49 874 114 934; x_wconf 87' lang='lat' dir='ltr'><strong>suis.</strong></span> <span class='ocrx_word' id='word_1_45' title='bbox 157 873 211 934; x_wconf 83' lang='lat' dir='ltr'><strong>Sis</strong></span> <span class='ocrx_word' id='word_1_46' title='bbox 233 874 316 934; x_wconf 77' lang='lat' dir='ltr'><strong>teiud</strong></span> <span class='ocrx_word' id='word_1_47' title='bbox 339 874 433 935; x_wconf 83' lang='lat' dir='ltr'><strong>dobin.</strong></span> <span class='ocrx_word' id='word_1_48' title='bbox 474 895 476 899; x_wconf 81' lang='grc'><strong>’</strong></span> <span class='ocrx_word' id='word_1_49' title='bbox 852 858 856 864; x_wconf 34' lang='lat'>⁵</span> 
     </span>
    </p>
   </div>
   <div class='ocr_carea' id='block_1_3' title="bbox 49 990 1009 1770">
    <p class='ocr_par' dir='ltr' id='par_1_3' title="bbox 49 990 1009 1770">
     <span class='ocr_line' id='line_1_8' title="bbox 124 990 1001 1074; baseline 0.005 -24"><span class='ocrx_word' id='word_1_50' title='bbox 124 993 216 1063; x_wconf 82' lang='lat' dir='ltr'><strong>„cnm</strong></span> <span class='ocrx_word' id='word_1_51' title='bbox 240 991 368 1063; x_wconf 87' lang='lat' dir='ltr'><strong>sonitu,“</strong></span> <span class='ocrx_word' id='word_1_52' title='bbox 387 990 467 1070; x_wconf 73' lang='lat' dir='ltr'><strong>ring.</strong></span> <span class='ocrx_word' id='word_1_53' title='bbox 501 991 729 1070; x_wconf 83' lang='lat' dir='ltr'><strong>iuterpretatur:</strong></span> <span class='ocrx_word' id='word_1_54' title='bbox 760 998 823 1052; x_wconf 85' lang='lat' dir='ltr'><strong>eum</strong></span> <span class='ocrx_word' id='word_1_55' title='bbox 846 993 1001 1074; x_wconf 78' lang='lat' dir='ltr'><strong>strepitu,·</strong></span> 
     </span>
     <span class='ocr_line' id='line_1_9' title="bbox 50 1089 1001 1171; baseline 0.007 -22"><span class='ocrx_word' id='word_1_56' title='bbox 50 1109 99 1150; x_wconf 84' lang='lat' dir='ltr'><strong>seu</strong></span> <span class='ocrx_word' id='word_1_57' title='bbox 117 1092 264 1165; x_wconf 79' lang='lat' dir='ltr'><strong>tumultu,</strong></span> <span class='ocrx_word' id='word_1_58' title='bbox 295 1110 352 1170; x_wconf 89' lang='lat' dir='ltr'><strong>quo</strong></span> <span class='ocrx_word' id='word_1_59' title='bbox 380 1089 456 1171; x_wconf 85' lang='lat' dir='ltr'><strong>impii</strong></span> <span class='ocrx_word' id='word_1_60' title='bbox 484 1091 630 1162; x_wconf 87' lang='lat' dir='ltr'><strong>fremunt,</strong></span> <span class='ocrx_word' id='word_1_61' title='bbox 662 1093 728 1152; x_wconf 83' lang='lat' dir='ltr'><strong>dum</strong></span> <span class='ocrx_word' id='word_1_62' title='bbox 750 1102 874 1169; x_wconf 83' lang='lat' dir='ltr'><strong>pereunt</strong></span> <span class='ocrx_word' id='word_1_63' title='bbox 894 1101 926 1154; x_wconf 82' lang='lat' dir='ltr'><strong>et</strong></span> <span class='ocrx_word' id='word_1_64' title='bbox 946 1112 1001 1156; x_wconf 75' lang='grc' dir='ltr'><strong>πο·</strong></span> 
     </span>
     <span class='ocr_line' id='line_1_10' title="bbox 49 1167 985 1273; baseline 0.003 -23"><span class='ocrx_word' id='word_1_65' title='bbox 49 1200 184 1268; x_wconf 75' lang='lat' dir='ltr'><strong>pereunt,</strong></span> <span class='ocrx_word' id='word_1_66' title='bbox 207 1190 370 1261; x_wconf 88' lang='lat' dir='ltr'><strong>resistunt,</strong></span> <span class='ocrx_word' id='word_1_67' title='bbox 398 1192 445 1252; x_wconf 83' lang='lat' dir='ltr'><strong>vei</strong></span> <span class='ocrx_word' id='word_1_68' title='bbox 476 1193 553 1270; x_wconf 79' lang='lat' dir='ltr'><strong>quod</strong></span> <span class='ocrx_word' id='word_1_69' title='bbox 580 1192 656 1270; x_wconf 85' lang='lat' dir='ltr'><strong>perit</strong></span> <span class='ocrx_word' id='word_1_70' title='bbox 685 1193 822 1252; x_wconf 84' lang='lat' dir='ltr'><strong>mensoria</strong></span> <span class='ocrx_word' id='word_1_71' title='bbox 851 1212 887 1252; x_wconf 90' lang='lat' dir='ltr'><strong>eo</strong></span> <span class='ocrx_word' id='word_1_72' title='bbox 917 1167 985 1273; x_wconf 81' lang='lat' dir='ltr'><strong>ipsb</strong></span> 
     </span>
     <span class='ocr_line' id='line_1_11' title="bbox 51 1276 1009 1373; baseline 0.005 -24"><span class='ocrx_word' id='word_1_73' title='bbox 51 1291 167 1350; x_wconf 74' lang='lat' dir='ltr'><strong>tunultu</strong></span> <span class='ocrx_word' id='word_1_74' title='bbox 205 1289 289 1350; x_wconf 89' lang='lat' dir='ltr'><strong>simul</strong></span> <span class='ocrx_word' id='word_1_75' title='bbox 325 1276 477 1371; x_wconf 61' lang='lat' dir='ltr'><strong>pereunte.</strong></span> <span class='ocrx_word' id='word_1_76' title='bbox 526 1290 626 1370; x_wconf 76' lang='lat' dir='ltr'><strong>Atque</strong></span> <span class='ocrx_word' id='word_1_77' title='bbox 666 1289 733 1370; x_wconf 80' lang='lat' dir='ltr'><strong>quid</strong></span> <span class='ocrx_word' id='word_1_78' title='bbox 768 1291 864 1353; x_wconf 80' lang='lat' dir='ltr'>refert</span> <span class='ocrx_word' id='word_1_79' title='bbox 895 1306 1009 1373; x_wconf 68' lang='lat' dir='ltr'><strong>super*</strong></span> 
     </span>
     <span class='ocr_line' id='line_1_12' title="bbox 52 1388 986 1475; baseline 0.004 -25"><span class='ocrx_word' id='word_1_80' title='bbox 52 1388 273 1450; x_wconf 76' lang='lat' dir='ltr'><strong>consutitium</strong></span> <span class='ocrx_word' id='word_1_81' title='bbox 309 1397 424 1450; x_wconf 81' lang='lat' dir='ltr'><strong>textum</strong></span> <span class='ocrx_word' id='word_1_82' title='bbox 450 1391 548 1475; x_wconf 67' lang='lat' dir='ltr'><strong>vanas</strong></span> <span class='ocrx_word' id='word_1_83' title='bbox 577 1391 753 1451; x_wconf 78' lang='lat' dir='ltr'><strong>comminisci</strong></span> <span class='ocrx_word' id='word_1_84' title='bbox 781 1392 918 1472; x_wconf 77' lang='lat' dir='ltr'><strong>glossar,</strong></span> <span class='ocrx_word' id='word_1_85' title='bbox 950 1401 986 1454; x_wconf 90' lang='lat' dir='ltr'><strong>ut</strong></span> 
     </span>
     <span class='ocr_line' id='line_1_13' title="bbox 52 1475 984 1569; baseline 0.006 -21"><span class='ocrx_word' id='word_1_86' title='bbox 52 1508 129 1559; x_wconf 76' lang='lat' dir='ltr'><strong>„eun</strong></span> <span class='ocrx_word' id='word_1_87' title='bbox 159 1489 280 1548; x_wconf 86' lang='lat' dir='ltr'><strong>sonitu“</strong></span> <span class='ocrx_word' id='word_1_88' title='bbox 301 1490 389 1550; x_wconf 82' lang='lat' dir='ltr'><strong>etiem</strong></span> <span class='ocrx_word' id='word_1_89' title='bbox 410 1490 579 1569; x_wconf 77' lang='lat' dir='ltr'><strong>intelligas:</strong></span> <span class='ocrx_word' id='word_1_90' title='bbox 601 1488 760 1561; x_wconf 89' lang='lat' dir='ltr'><strong>velociter,</strong></span> <span class='ocrx_word' id='word_1_91' title='bbox 794 1475 872 1551; x_wconf 71' lang='lat' dir='ltr'><strong>siru&#39;t</strong></span> <span class='ocrx_word' id='word_1_92' title='bbox 891 1510 984 1557; x_wconf 83' lang='lat' dir='ltr'><strong>sonus</strong></span> 
     </span>
     <span class='ocr_line' id='line_1_14' title="bbox 53 1589 984 1670; baseline 0.006 -23"><span class='ocrx_word' id='word_1_93' title='bbox 53 1589 152 1667; x_wconf 58' lang='lat' dir='ltr'><strong>periit?</strong></span> <span class='ocrx_word' id='word_1_94' title='bbox 193 1589 246 1648; x_wconf 82' lang='lat' dir='ltr'><strong>Sie</strong></span> <span class='ocrx_word' id='word_1_95' title='bbox 274 1591 348 1650; x_wconf 88' lang='lat' dir='ltr'><strong>enim</strong></span> <span class='ocrx_word' id='word_1_96' title='bbox 384 1599 415 1649; x_wconf 90' lang='lat' dir='ltr'><strong>et</strong></span> <span class='ocrx_word' id='word_1_97' title='bbox 436 1590 580 1670; x_wconf 77' lang='lat' dir='ltr'><strong>fugitivae</strong></span> <span class='ocrx_word' id='word_1_98' title='bbox 601 1590 719 1649; x_wconf 88' lang='lat' dir='ltr'><strong>umbrae</strong></span> <span class='ocrx_word' id='word_1_99' title='bbox 740 1591 807 1653; x_wconf 84' lang='lat' dir='ltr'><strong>Job.</strong></span> <span class='ocrx_word' id='word_1_100' title='bbox 835 1597 881 1654; x_wconf 79' lang='lat'><strong>14.</strong></span> <span class='ocrx_word' id='word_1_101' title='bbox 905 1611 984 1653; x_wconf 75' lang='lat' dir='ltr'><strong>eon·</strong></span> 
     </span>
     <span class='ocr_line' id='line_1_15' title="bbox 53 1688 929 1770; baseline 0.007 -19"><span class='ocrx_word' id='word_1_102' title='bbox 53 1698 130 1768; x_wconf 73' lang='lat' dir='ltr'><strong>onst</strong></span> <span class='ocrx_word' id='word_1_103' title='bbox 149 1690 302 1750; x_wconf 89' lang='lat' dir='ltr'><strong>bominem.</strong></span> <span class='ocrx_word' id='word_1_104' title='bbox 345 1692 377 1750; x_wconf 92' lang='lat' dir='ltr'><strong>ln</strong></span> <span class='ocrx_word' id='word_1_105' title='bbox 397 1688 442 1749; x_wconf 90' lang='lat' dir='ltr'><strong>bis</strong></span> <span class='ocrx_word' id='word_1_106' title='bbox 463 1690 591 1750; x_wconf 84' lang='lat' dir='ltr'><strong>abundet</strong></span> <span class='ocrx_word' id='word_1_107' title='bbox 612 1709 702 1749; x_wconf 90' lang='lat' dir='ltr'><strong>sensu</strong></span> <span class='ocrx_word' id='word_1_108' title='bbox 724 1708 778 1750; x_wconf 93' lang='lat' dir='ltr'><strong>suo</strong></span> <span class='ocrx_word' id='word_1_109' title='bbox 799 1690 929 1770; x_wconf 76' lang='lat' dir='ltr'><strong>quilibet.</strong></span> 
     </span>
    </p>
   </div>
   <div class='ocr_carea' id='block_1_4' title="bbox 53 1887 984 2069">
    <p class='ocr_par' dir='ltr' id='par_1_4' title="bbox 53 1887 984 2069">
     <span class='ocr_line' id='line_1_16' title="bbox 53 1887 984 1987; baseline 0.009 -38"><span class='ocrx_word' id='word_1_110' title='bbox 53 1889 96 1949; x_wconf 82' lang='lat' dir='ltr'><strong>Et</strong></span> <span class='ocrx_word' id='word_1_111' title='bbox 115 1889 294 1950; x_wconf 78' lang='lat' dir='ltr'><strong>dominus</strong></span> <span class='ocrx_word' id='word_1_112' title='bbox 313 1887 350 1949; x_wconf 93' lang='lat' dir='ltr'><strong>in</strong></span> <span class='ocrx_word' id='word_1_113' title='bbox 369 1895 568 1949; x_wconf 86' lang='lat' dir='ltr'><strong>aeternum</strong></span> <span class='ocrx_word' id='word_1_114' title='bbox 591 1900 802 1969; x_wconf 78' lang='lat' dir='ltr'><strong>permanet,</strong></span> <span class='ocrx_word' id='word_1_115' title='bbox 825 1895 984 1987; x_wconf 84' lang='lat' dir='ltr'><strong>paravit</strong></span> 
     </span>
     <span class='ocr_line' id='line_1_17' title="bbox 138 1988 793 2069; baseline 0.006 -20"><span class='ocrx_word' id='word_1_116' title='bbox 138 2040 144 2049; x_wconf 92' lang='lat'><em>.</em></span> <span class='ocrx_word' id='word_1_117' title='bbox 228 1989 262 2049; x_wconf 91' lang='lat' dir='ltr'><strong>in</strong></span> <span class='ocrx_word' id='word_1_118' title='bbox 289 1988 445 2069; x_wconf 79' lang='lat' dir='ltr'><strong>judicio</strong></span> <span class='ocrx_word' id='word_1_119' title='bbox 474 1990 648 2047; x_wconf 84' lang='lat' dir='ltr'><strong>thronum</strong></span> <span class='ocrx_word' id='word_1_120' title='bbox 681 2009 793 2054; x_wconf 90' lang='lat' dir='ltr'><strong>suum.</strong></span> 
     </span>
    </p>
   </div>
   <div class='ocr_carea' id='block_1_5' title="bbox 44 2104 1062 3700">
    <p class='ocr_par' dir='ltr' id='par_1_5' title="bbox 44 2104 1062 3378">
     <span class='ocr_line' id='line_1_18' title="bbox 125 2104 982 2182; baseline 0.005 -16"><span class='ocrx_word' id='word_1_121' title='bbox 125 2105 268 2182; x_wconf 81' lang='lat' dir='ltr'><strong>Hierony.</strong></span> <span class='ocrx_word' id='word_1_122' title='bbox 301 2105 359 2165; x_wconf 86' lang='lat' dir='ltr'><strong>sie:</strong></span> <span class='ocrx_word' id='word_1_123' title='bbox 402 2104 541 2165; x_wconf 85' lang='lat' dir='ltr'><strong>Dominus</strong></span> <span class='ocrx_word' id='word_1_124' title='bbox 570 2113 667 2164; x_wconf 87' lang='lat' dir='ltr'><strong>autem</strong></span> <span class='ocrx_word' id='word_1_125' title='bbox 703 2108 732 2166; x_wconf 93' lang='lat' dir='ltr'><strong>in</strong></span> <span class='ocrx_word' id='word_1_126' title='bbox 760 2116 910 2171; x_wconf 86' lang='lat' dir='ltr'><strong>aeternum</strong></span> <span class='ocrx_word' id='word_1_127' title='bbox 933 2128 982 2170; x_wconf 82' lang='lat' dir='ltr'><strong>se·¹</strong></span> 
     </span>
     <span class='ocr_line' id='line_1_19' title="bbox 57 2204 981 2290; baseline 0.006 -26"><span class='ocrx_word' id='word_1_128' title='bbox 57 2205 141 2276; x_wconf 82' lang='lat' dir='ltr'><strong>tebit,</strong></span> <span class='ocrx_word' id='word_1_129' title='bbox 172 2204 316 2265; x_wconf 73' lang='lat' dir='ltr'><strong>stabilivit</strong></span> <span class='ocrx_word' id='word_1_130' title='bbox 343 2206 381 2265; x_wconf 82' lang='lat' dir='ltr'><strong>od</strong></span> <span class='ocrx_word' id='word_1_131' title='bbox 398 2204 584 2284; x_wconf 81' lang='lat' dir='ltr'><strong>judicandum</strong></span> <span class='ocrx_word' id='word_1_132' title='bbox 611 2209 712 2266; x_wconf 88' lang='lat' dir='ltr'><strong>sotium</strong></span> <span class='ocrx_word' id='word_1_133' title='bbox 734 2228 826 2270; x_wconf 91' lang='lat' dir='ltr'><strong>sunm.</strong></span> <span class='ocrx_word' id='word_1_134' title='bbox 850 2210 901 2287; x_wconf 56' lang='lat' dir='ltr'><strong>[lu</strong></span> <span class='ocrx_word' id='word_1_135' title='bbox 923 2230 981 2290; x_wconf 83' lang='lat' dir='ltr'><strong>quo</strong></span> 
     </span>
     <span class='ocr_line' id='line_1_20' title="bbox 55 2305 1062 2389; baseline 0.008 -26"><span class='ocrx_word' id='word_1_136' title='bbox 55 2305 227 2365; x_wconf 77' lang='lat' dir='ltr'><strong>manifestius</strong></span> <span class='ocrx_word' id='word_1_137' title='bbox 265 2323 323 2363; x_wconf 90' lang='lat' dir='ltr'><strong>non</strong></span> <span class='ocrx_word' id='word_1_138' title='bbox 357 2306 443 2364; x_wconf 84' lang='lat' dir='ltr'><strong>modo</strong></span> <span class='ocrx_word' id='word_1_139' title='bbox 482 2306 614 2376; x_wconf 84' lang='lat' dir='ltr'><strong>duratio,</strong></span> <span class='ocrx_word' id='word_1_140' title='bbox 645 2316 678 2366; x_wconf 90' lang='lat' dir='ltr'><strong>ut</strong></span> <span class='ocrx_word' id='word_1_141' title='bbox 704 2317 808 2367; x_wconf 89' lang='lat' dir='ltr'><strong>noster</strong></span> <span class='ocrx_word' id='word_1_142' title='bbox 834 2307 981 2389; x_wconf 72' lang='lat' dir='ltr'><strong>interpret</strong></span> <span class='ocrx_word' id='word_1_143' title='bbox 1058 2368 1062 2388; x_wconf 43' lang='grc' dir='ltr'>ι</span> 
     </span>
     <span class='ocr_line' id='line_1_21' title="bbox 54 2400 983 2490; baseline 0.011 -29"><span class='ocrx_word' id='word_1_144' title='bbox 54 2414 148 2476; x_wconf 78' lang='lat' dir='ltr'><strong>ronst,</strong></span> <span class='ocrx_word' id='word_1_145' title='bbox 178 2406 233 2464; x_wconf 79' lang='lat' dir='ltr'><strong>red</strong></span> <span class='ocrx_word' id='word_1_146' title='bbox 264 2400 390 2463; x_wconf 79' lang='lat' dir='ltr'><strong>officium</strong></span> <span class='ocrx_word' id='word_1_147' title='bbox 423 2423 536 2482; x_wconf 86' lang='lat' dir='ltr'><strong>quoque</strong></span> <span class='ocrx_word' id='word_1_148' title='bbox 559 2405 668 2464; x_wconf 78' lang='lat' dir='ltr'><strong>Christi</strong></span> <span class='ocrx_word' id='word_1_149' title='bbox 697 2407 871 2480; x_wconf 79' lang='lat' dir='ltr'><strong>declaratur,</strong></span> <span class='ocrx_word' id='word_1_150' title='bbox 904 2409 983 2490; x_wconf 77' lang='lat' dir='ltr'><strong>quud</strong></span> 
     </span>
     <span class='ocr_line' id='line_1_22' title="bbox 53 2501 983 2582; baseline 0.009 -21"><span class='ocrx_word' id='word_1_151' title='bbox 53 2512 92 2561; x_wconf 83' lang='lat' dir='ltr'><strong>ert</strong></span> <span class='ocrx_word' id='word_1_152' title='bbox 110 2502 237 2582; x_wconf 76' lang='lat' dir='ltr'><strong>duplex,</strong></span> <span class='ocrx_word' id='word_1_153' title='bbox 266 2501 399 2582; x_wconf 83' lang='lat' dir='ltr'><strong>judicare</strong></span> <span class='ocrx_word' id='word_1_154' title='bbox 422 2510 453 2562; x_wconf 89' lang='lat' dir='ltr'><strong>et</strong></span> <span class='ocrx_word' id='word_1_155' title='bbox 470 2501 652 2581; x_wconf 83' lang='lat' dir='ltr'><strong>justificare,</strong></span> <span class='ocrx_word' id='word_1_156' title='bbox 683 2507 819 2567; x_wconf 81' lang='lat' dir='ltr'><strong>occidere</strong></span> <span class='ocrx_word' id='word_1_157' title='bbox 840 2515 872 2567; x_wconf 88' lang='lat' dir='ltr'><strong>et</strong></span> <span class='ocrx_word' id='word_1_158' title='bbox 890 2507 983 2570; x_wconf 81' lang='lat' dir='ltr'><strong>vivifi-</strong></span> 
     </span>
     <span class='ocr_line' id='line_1_23' title="bbox 52 2603 982 2684; baseline 0.009 -22"><span class='ocrx_word' id='word_1_159' title='bbox 52 2624 122 2674; x_wconf 78' lang='lat' dir='ltr'><strong>care,</strong></span> <span class='ocrx_word' id='word_1_160' title='bbox 144 2605 284 2663; x_wconf 84' lang='lat' dir='ltr'><strong>damnare</strong></span> <span class='ocrx_word' id='word_1_161' title='bbox 315 2609 346 2661; x_wconf 87' lang='lat' dir='ltr'><strong>et</strong></span> <span class='ocrx_word' id='word_1_162' title='bbox 367 2603 493 2663; x_wconf 78' lang='lat' dir='ltr'><strong>salvare.</strong></span> <span class='ocrx_word' id='word_1_163' title='bbox 538 2605 596 2662; x_wconf 87' lang='lat' dir='ltr'><strong>Per</strong></span> <span class='ocrx_word' id='word_1_164' title='bbox 624 2606 761 2684; x_wconf 82' lang='lat' dir='ltr'><strong>judicium</strong></span> <span class='ocrx_word' id='word_1_165' title='bbox 782 2607 911 2668; x_wconf 86' lang='lat' dir='ltr'><strong>humiliat</strong></span> <span class='ocrx_word' id='word_1_166' title='bbox 932 2629 982 2670; x_wconf 84' lang='lat' dir='ltr'><strong>su·</strong></span> 
     </span>
     <span class='ocr_line' id='line_1_24' title="bbox 51 2701 981 2788; baseline 0.008 -26"><span class='ocrx_word' id='word_1_167' title='bbox 51 2705 163 2780; x_wconf 85' lang='lat' dir='ltr'><strong>perbos,</strong></span> <span class='ocrx_word' id='word_1_168' title='bbox 198 2721 253 2780; x_wconf 85' lang='lat' dir='ltr'><strong>per</strong></span> <span class='ocrx_word' id='word_1_169' title='bbox 271 2701 413 2780; x_wconf 84' lang='lat' dir='ltr'><strong>justitiam</strong></span> <span class='ocrx_word' id='word_1_170' title='bbox 442 2701 559 2761; x_wconf 83' lang='lat' dir='ltr'><strong>exaltat</strong></span> <span class='ocrx_word' id='word_1_171' title='bbox 579 2705 754 2765; x_wconf 79' lang='lat' dir='ltr'><strong>humiliatos.</strong></span> <span class='ocrx_word' id='word_1_172' title='bbox 798 2708 885 2771; x_wconf 74' lang='lat' dir='ltr'><strong>annu</strong></span> <span class='ocrx_word' id='word_1_173' title='bbox 906 2728 981 2788; x_wconf 76' lang='lat' dir='ltr'><strong>ergo</strong></span> 
     </span>
     <span class='ocr_line' id='line_1_25' title="bbox 49 2802 982 2886; baseline 0.01 -26"><span class='ocrx_word' id='word_1_174' title='bbox 49 2804 173 2864; x_wconf 80' lang='lat' dir='ltr'><strong>thronum</strong></span> <span class='ocrx_word' id='word_1_175' title='bbox 208 2822 290 2861; x_wconf 88' lang='lat' dir='ltr'><strong>suom</strong></span> <span class='ocrx_word' id='word_1_176' title='bbox 323 2802 454 2879; x_wconf 78' lang='lat' dir='ltr'><strong>paravit,</strong></span> <span class='ocrx_word' id='word_1_177' title='bbox 490 2811 522 2860; x_wconf 93' lang='lat' dir='ltr'><strong>ut</strong></span> <span class='ocrx_word' id='word_1_178' title='bbox 548 2804 679 2882; x_wconf 84' lang='lat' dir='ltr'><strong>judicet,</strong></span> <span class='ocrx_word' id='word_1_179' title='bbox 719 2806 775 2865; x_wconf 86' lang='lat' dir='ltr'><strong>boe</strong></span> <span class='ocrx_word' id='word_1_180' title='bbox 807 2813 876 2876; x_wconf 56' lang='lat' dir='ltr'><strong>est„</strong></span> <span class='ocrx_word' id='word_1_181' title='bbox 904 2808 982 2886; x_wconf 76' lang='lat' dir='ltr'><strong>quod</strong></span> 
     </span>
     <span class='ocr_line' id='line_1_26' title="bbox 47 2900 982 2983; baseline 0.005 -21"><span class='ocrx_word' id='word_1_182' title='bbox 47 2903 164 2963; x_wconf 78' lang='lat' dir='ltr'><strong>Mataeb.</strong></span> <span class='ocrx_word' id='word_1_183' title='bbox 189 2906 221 2964; x_wconf 80' lang='lat'><strong>3.</strong></span> <span class='ocrx_word' id='word_1_184' title='bbox 244 2901 331 2960; x_wconf 75' lang='lat' dir='ltr'><strong>dicit:</strong></span> <span class='ocrx_word' id='word_1_185' title='bbox 374 2903 459 2979; x_wconf 80' lang='lat' dir='ltr'><strong>„ipse</strong></span> <span class='ocrx_word' id='word_1_186' title='bbox 481 2900 553 2961; x_wconf 89' lang='lat' dir='ltr'><strong>euim</strong></span> <span class='ocrx_word' id='word_1_187' title='bbox 577 2903 660 2982; x_wconf 90' lang='lat' dir='ltr'><strong>qnasi</strong></span> <span class='ocrx_word' id='word_1_188' title='bbox 681 2903 757 2983; x_wconf 79' lang='lat' dir='ltr'><strong>ignis</strong></span> <span class='ocrx_word' id='word_1_189' title='bbox 782 2903 923 2975; x_wconf 81' lang='lat' dir='ltr'><strong>conflans,</strong></span> <span class='ocrx_word' id='word_1_190' title='bbox 948 2917 982 2967; x_wconf 84' lang='lat' dir='ltr'><strong>et</strong></span> 
     </span>
     <span class='ocr_line' id='line_1_27' title="bbox 47 3000 1049 3082; baseline 0.006 -20"><span class='ocrx_word' id='word_1_191' title='bbox 47 3002 121 3082; x_wconf 80' lang='lat' dir='ltr'><strong>quasi</strong></span> <span class='ocrx_word' id='word_1_192' title='bbox 141 3002 236 3062; x_wconf 84' lang='lat' dir='ltr'><strong>herba</strong></span> <span class='ocrx_word' id='word_1_193' title='bbox 256 3000 406 3070; x_wconf 79' lang='lat' dir='ltr'><strong>folionum,</strong></span> <span class='ocrx_word' id='word_1_194' title='bbox 427 3008 459 3059; x_wconf 87' lang='lat' dir='ltr'><strong>et</strong></span> <span class='ocrx_word' id='word_1_195' title='bbox 480 3002 596 3060; x_wconf 82' lang='lat' dir='ltr'><strong>sedebit</strong></span> <span class='ocrx_word' id='word_1_196' title='bbox 617 3001 748 3077; x_wconf 83' lang='lat' dir='ltr'><strong>conflans</strong></span> <span class='ocrx_word' id='word_1_197' title='bbox 769 3012 800 3064; x_wconf 93' lang='lat' dir='ltr'><strong>et</strong></span> <span class='ocrx_word' id='word_1_198' title='bbox 821 3007 980 3068; x_wconf 84' lang='lat' dir='ltr'><strong>emundans</strong></span> <span class='ocrx_word' id='word_1_199' title='bbox 1044 3025 1049 3041; x_wconf 87' lang='grc'><em>·</em></span> 
     </span>
     <span class='ocr_line' id='line_1_28' title="bbox 46 3098 980 3182; baseline 0.005 -22"><span class='ocrx_word' id='word_1_200' title='bbox 46 3111 215 3182; x_wconf 76' lang='lat' dir='ltr'><strong>argeutum,</strong></span> <span class='ocrx_word' id='word_1_201' title='bbox 256 3109 289 3160; x_wconf 89' lang='lat' dir='ltr'><strong>et</strong></span> <span class='ocrx_word' id='word_1_202' title='bbox 317 3100 455 3180; x_wconf 72' lang='lat' dir='ltr'><strong>purgabit</strong></span> <span class='ocrx_word' id='word_1_203' title='bbox 486 3098 563 3160; x_wconf 81' lang='lat' dir='ltr'><strong>iiiios</strong></span> <span class='ocrx_word' id='word_1_204' title='bbox 593 3102 684 3174; x_wconf 84' lang='lat' dir='ltr'><strong>Levi,</strong></span> <span class='ocrx_word' id='word_1_205' title='bbox 719 3112 750 3163; x_wconf 90' lang='lat' dir='ltr'><strong>et</strong></span> <span class='ocrx_word' id='word_1_206' title='bbox 788 3104 897 3164; x_wconf 84' lang='lat' dir='ltr'><strong>colabit</strong></span> <span class='ocrx_word' id='word_1_207' title='bbox 918 3125 980 3165; x_wconf 78' lang='lat' dir='ltr'><strong>eos</strong></span> 
     </span>
     <span class='ocr_line' id='line_1_29' title="bbox 45 3192 982 3282; baseline 0.004 -22"><span class='ocrx_word' id='word_1_208' title='bbox 45 3202 121 3282; x_wconf 81' lang='lat' dir='ltr'><strong>quasi</strong></span> <span class='ocrx_word' id='word_1_209' title='bbox 141 3221 245 3261; x_wconf 87' lang='lat' dir='ltr'><strong>aurum</strong></span> <span class='ocrx_word' id='word_1_210' title='bbox 266 3208 297 3260; x_wconf 85' lang='lat' dir='ltr'><strong>et</strong></span> <span class='ocrx_word' id='word_1_211' title='bbox 313 3200 397 3278; x_wconf 86' lang='lat' dir='ltr'><strong>quasi</strong></span> <span class='ocrx_word' id='word_1_212' title='bbox 418 3192 580 3279; x_wconf 80' lang='lat' dir='ltr'><strong>argentum,</strong></span> <span class='ocrx_word' id='word_1_213' title='bbox 611 3210 643 3260; x_wconf 89' lang='lat' dir='ltr'><strong>et</strong></span> <span class='ocrx_word' id='word_1_214' title='bbox 665 3210 751 3261; x_wconf 87' lang='lat' dir='ltr'><strong>erunt</strong></span> <span class='ocrx_word' id='word_1_215' title='bbox 771 3203 885 3262; x_wconf 87' lang='lat' dir='ltr'><strong>domino</strong></span> <span class='ocrx_word' id='word_1_216' title='bbox 907 3202 982 3265; x_wconf 84' lang='lat' dir='ltr'><strong>offe·</strong></span> 
     </span>
     <span class='ocr_line' id='line_1_30' title="bbox 44 3280 566 3378; baseline -0.002 -19"><span class='ocrx_word' id='word_1_217' title='bbox 44 3311 137 3361; x_wconf 82' lang='lat' dir='ltr'><strong>rentes</strong></span> <span class='ocrx_word' id='word_1_218' title='bbox 159 3297 313 3360; x_wconf 73' lang='lat' dir='ltr'><strong>sacrificia</strong></span> <span class='ocrx_word' id='word_1_219' title='bbox 334 3299 362 3356; x_wconf 92' lang='lat' dir='ltr'><strong>in</strong></span> <span class='ocrx_word' id='word_1_220' title='bbox 389 3299 537 3378; x_wconf 84' lang='lat' dir='ltr'><strong>justitia.“</strong></span> <span class='ocrx_word' id='word_1_221' title='bbox 564 3280 566 3291; x_wconf 37' lang='grc' dir='ltr'>Ι</span> 
     </span>
    </p>

    <p class='ocr_par' dir='ltr' id='par_1_6' title="bbox 46 3415 1017 3700">
     <span class='ocr_line' id='line_1_31' title="bbox 114 3415 981 3498; baseline 0.001 -21"><span class='ocrx_word' id='word_1_222' title='bbox 114 3417 165 3477; x_wconf 83' lang='lat' dir='ltr'><strong>Sia</strong></span> <span class='ocrx_word' id='word_1_223' title='bbox 188 3416 275 3488; x_wconf 86' lang='lat' dir='ltr'><strong>enim,</strong></span> <span class='ocrx_word' id='word_1_224' title='bbox 298 3415 347 3476; x_wconf 90' lang='lat' dir='ltr'><strong>ubi</strong></span> <span class='ocrx_word' id='word_1_225' title='bbox 366 3416 525 3496; x_wconf 83' lang='lat' dir='ltr'><strong>increpatis</strong></span> <span class='ocrx_word' id='word_1_226' title='bbox 553 3417 692 3498; x_wconf 74' lang='lat' dir='ltr'><strong>gentibus</strong></span> <span class='ocrx_word' id='word_1_227' title='bbox 720 3418 842 3497; x_wconf 82' lang='lat' dir='ltr'><strong>perierit</strong></span> <span class='ocrx_word' id='word_1_228' title='bbox 869 3419 981 3496; x_wconf 81' lang='lat' dir='ltr'><strong>impius,</strong></span> 
     </span>
     <span class='ocr_line' id='line_1_32' title="bbox 48 3515 1017 3600; baseline 0.003 -28"><span class='ocrx_word' id='word_1_229' title='bbox 48 3521 73 3572; x_wconf 84' lang='lat' dir='ltr'><strong>et</strong></span> <span class='ocrx_word' id='word_1_230' title='bbox 97 3517 206 3577; x_wconf 78' lang='lat' dir='ltr'><strong>amisso</strong></span> <span class='ocrx_word' id='word_1_231' title='bbox 239 3515 356 3576; x_wconf 91' lang='lat' dir='ltr'><strong>nomine</strong></span> <span class='ocrx_word' id='word_1_232' title='bbox 386 3527 539 3594; x_wconf 85' lang='lat' dir='ltr'><strong>peecatum</strong></span> <span class='ocrx_word' id='word_1_233' title='bbox 572 3537 653 3577; x_wconf 90' lang='lat' dir='ltr'><strong>suum</strong></span> <span class='ocrx_word' id='word_1_234' title='bbox 686 3518 816 3597; x_wconf 78' lang='lat' dir='ltr'><strong>agnitum</strong></span> <span class='ocrx_word' id='word_1_235' title='bbox 848 3516 982 3578; x_wconf 80' lang='lat' dir='ltr'><strong>confessi</strong></span> <span class='ocrx_word' id='word_1_236' title='bbox 1014 3597 1017 3600; x_wconf 80' lang='lat'>.</span> 
     </span>
     <span class='ocr_line' id='line_1_33' title="bbox 46 3611 983 3700; baseline 0.001 -26"><span class='ocrx_word' id='word_1_237' title='bbox 46 3611 157 3691; x_wconf 77' lang='lat' dir='ltr'><strong>nunt,</strong></span> <span class='ocrx_word' id='word_1_238' title='bbox 190 3616 272 3678; x_wconf 83' lang='lat' dir='ltr'><strong>atiud</strong></span> <span class='ocrx_word' id='word_1_239' title='bbox 303 3634 364 3683; x_wconf 84' lang='lat' dir='ltr'><strong>nou</strong></span> <span class='ocrx_word' id='word_1_240' title='bbox 396 3621 445 3676; x_wconf 89' lang='lat' dir='ltr'><strong>est</strong></span> <span class='ocrx_word' id='word_1_241' title='bbox 465 3614 620 3700; x_wconf 85' lang='lat' dir='ltr'><strong>reliquom,</strong></span> <span class='ocrx_word' id='word_1_242' title='bbox 654 3616 709 3679; x_wconf 93' lang='lat' dir='ltr'><strong>nisi</strong></span> <span class='ocrx_word' id='word_1_243' title='bbox 730 3617 791 3678; x_wconf 86' lang='lat' dir='ltr'><strong>isto</strong></span> <span class='ocrx_word' id='word_1_244' title='bbox 812 3615 983 3699; x_wconf 81' lang='lat' dir='ltr'><strong>quotidiana</strong></span> 
     </span>
    </p>
   </div>
   <div class='ocr_carea' id='block_1_6' title="bbox 0 0 1092 4050">
    <p class='ocr_par' dir='ltr' id='par_1_7' title="bbox 0 0 1092 4050">
     <span class='ocr_line' id='line_1_34' title="bbox 0 0 1092 4050; baseline 0 2"><span class='ocrx_word' id='word_1_245' title='bbox 0 0 1092 4050; x_wconf 95' lang='lat' dir='ltr'><strong> </strong></span> 
     </span>
    </p>
   </div>
  </div>
 </body>
</html>
