2176 4050
25 164 137 244 5118
276 146 818 263 upe'rntioneoiopnetmoe.
879 201 884 207 ,

77 372 133 436 nini
152 362 313 455 potiuntur,
334 386 392 429 uon
415 367 622 447 reverberant,
643 382 700 425 uon
722 334 887 426 vindicent.
928 364 1017 427 iim

77 479 137 545 eet,
159 471 237 552 quod
257 468 381 540 ineiuut,
403 470 482 548 quod
504 467 602 543 einpnt
622 463 725 543 impios
742 461 844 524 furere
862 470 896 523 et
906 462 1018 546 §aare

77 591 154 654 qnne
173 568 292 642 uolunt,
314 569 380 628 eoin
400 566 544 647 patientie
564 572 745 644 pugnantes.
799 641 803 646 .

159 704 266 763 Verum
294 719 352 760 non
383 698 412 759 iu
434 695 520 759 finem
543 696 687 778 petientin
708 695 769 756 isto
789 713 953 775 pauperum
973 710 1022 777 pn-

1 869 2 872 ,
53 854 55 858 ,
77 801 154 874 ribit,
178 801 231 861 ned
253 814 331 860 more
353 806 386 858 et
407 817 596 880 quaecuuque
614 796 689 857 meio
703 794 780 873 impii
796 795 840 857 ein
858 790 1021 891 intuietiu't'²

78 901 197 962 tandem
218 900 246 959 in
268 907 359 977 enput
378 895 527 976 impiorum
550 884 690 958 redibunt
711 904 742 955 et
765 892 1022 976 demergentur-b

78 1000 218 1081 interitu,
241 1016 325 1078 quem
346 995 493 1061 feceruut.
534 996 699 1058 Morientur
731 994 806 1055 eninr
828 1003 859 1054 et
881 980 1023 1057 nuorin-

77 1090 178 1182 juntos
199 1099 276 1159 mein
298 1096 416 1173 capient
432 1096 460 1156 in
481 1095 611 1168 interitu,
633 1116 689 1156 nee
716 1093 784 1155 inde
806 1115 932 1175 unque·
954 1092 1023 1155 lite'-

79 1200 240 1266 robuutur,
279 1196 356 1256 nient
383 1194 458 1274 justi
492 1194 608 1256 liberati
642 1202 721 1256 eunt.
763 1194 859 1275 Igitur
886 1194 946 1254 inte
978 1198 1024 1255 eet

81 1314 263 1378 eongrernue
294 1294 419 1355 cornelio
449 1294 559 1374 piorum
588 1302 619 1355 et
639 1283 804 1373 impiorum,
837 1294 884 1355 irie
907 1292 974 1353 flnin
994 1290 1024 1351 et

80 1397 206 1460 victorin
232 1393 395 1474 utriusque.
438 1395 489 1454 Sin
520 1395 614 1475 major
643 1393 737 1454 servit
765 1391 886 1464 minori,
921 1400 954 1453 et
980 1390 1024 1472 qui

75 1498 254 1578 preeueiet,
284 1494 393 1555 ruteue
416 1501 450 1557 et
480 1502 620 1556 eruentur
650 1484 745 1556 Edon
774 1491 1024 1571 euppientntnrt

79 1594 248 1680 posteriore
270 1593 376 1656 Jeeoir.

114 1778 118 1789 ¹
163 1710 321 1790 Spiritunie
342 1706 446 1770 beilum
468 1716 517 1770 eet
533 1702 573 1771 'de
588 1709 700 1792 pietute
717 1716 749 1771 et
764 1707 927 1790 impietate.
971 1704 1024 1770 me

82 1804 190 1881 iterum
207 1807 282 1886 impii
303 1807 458 1888 imaginem
477 1809 597 1889 majoris
620 1817 652 1870 et
672 1809 778 1890 prioris
791 1810 885 1870 Edem
908 1798 1024 1881 hebent,

83 1907 122 1989 pii
142 1929 214 1970 vero
235 1906 354 1989 rpiuorin
376 1915 408 1968 et
429 1908 720 1991 posteriorieJueob,
744 1908 791 1970 hie
813 1910 850 1969 de
871 1907 1024 1990 reiigione,

84 2008 121 2068 de
141 2004 210 2079 flue,
233 2007 269 2068 de
292 2005 443 2086 opinione,
466 1990 502 2069 de
525 2029 615 2069 eeneu
637 2009 774 2088 spiritur,
800 2016 833 2070 et
855 2009 972 2068 omniuo
992 2008 1025 2067 de

15 2129 18 2136 ·
82 2107 129 2167 irie
149 2108 237 2168 robur
259 2107 401 2180 beliotur,
431 2128 505 2188 quoe
527 2109 563 2169 od
585 2108 873 2192 Beumypertineun
908 2114 1024 2186 propter

84 2227 158 2289 quoe
188 2213 219 2267 et
248 2206 367 2267 enr'neie
398 2207 501 2267 betium
533 2207 627 2267 oritur
648 2218 679 2269 et
700 2210 834 2290 geritur,
866 2207 932 2266 dum
952 2202 1024 2284 inpi

74 2325 140 2367 ¹ruo
168 2305 401 2384 pertinneissime
431 2314 584 2389 statuunt,
613 2306 724 2388 piorum
754 2315 852 2368 eutem
885 2294 1024 2385 impetun

84 2405 202 2488 ninrime
230 2413 446 2487 persequuntur
461 2413 507 2467 'et
536 2406 684 2470 damnent.
726 2406 785 2468 Hie
807 2406 926 2487 proprie
947 2403 1024 2466 eoru

76 2505 193 2591 ¹‹iuntur
213 2505 242 2566 iu
262 2513 351 2565 utero
372 2506 528 2567 Reieeeue
549 2508 607 2566 dno
628 2507 761 2588 pnrrjuii,
792 2513 826 2566 nt
847 2513 944 2566 meter
964 2504 1024 2583 ipre

34 2635 37 2643 ¹
86 2605 218 2686 perienlo
255 2605 362 2668 territe
399 2607 495 2667 dient:
538 2607 593 2681 „Si
621 2606 664 2667 nie
693 2606 761 2667 miii
794 2603 924 2667 futurum
952 2602 1024 2676 eret'¹

86 2706 154 2787 quii
189 2724 319 2770 neeeere
358 2698 417 2766 'fuit
452 2694 652 2788 eoneiperei“
692 2705 845 2767 Acerrime
875 2710 927 2765 ent
952 2704 1024 2764 hene

85 2807 275 2886 congressio.
317 2806 404 2867 'rolin
435 2806 493 2868 fuit
521 2806 722 2887 apostolorum
751 2813 856 2865 eontra
885 2804 1024 2877 ‚intineor¹

86 2903 373 2984 pseudoepontoion,
399 2916 556 2985 martyrum
579 2913 684 2965 contre
704 2904 844 2965 idolorum
866 2903 1024 2985 reiigioeet

1 2987 5 2994 ’
87 3010 119 3063 et
140 3003 282 3075 eniterer,
305 3004 458 3065 doctorum
481 3012 588 3066 eentrn
608 3003 785 3076 haeretieoe,
808 3011 841 3065 et
861 3021 979 3082 temper
999 3008 1024 3064 et

85 3101 192 3190 utique
220 3101 362 3163 humilium
393 3104 539 3165 edverene
567 3104 710 3182 superior
732 3115 829 3165 mente
851 3104 951 3165 eordir
974 3101 1024 3165 tui

9 3193 13 3199 ’
85 3199 145 3262 Hie
165 3201 242 3281 impii
263 3201 448 3265 multitudiue
478 3212 510 3265 et
530 3183 703 3263 tortitudine
723 3211 880 3283 praestent
899 3202 1024 3284 potenti

85 3299 150 3372 bur,
173 3301 362 3380 repientiinr,
381 3302 552 3383 justitieriie
578 3320 672 3361 erue
693 3309 778 3380 perte
799 3301 928 3363 fideliter
949 3310 1024 3362 ntun-

84 3397 181 3469 tibue,
221 3398 299 3460 rieut
323 3400 453 3463 Arinnne
487 3399 622 3462 intererit
664 3400 800 3482 exemplo
837 3402 1024 3482 pulcherrime

85 3496 233 3578 eognoeei
253 3505 366 3578 potent.
409 3502 488 3560 Tum
508 3496 595 3571 ratio,
616 3518 742 3573 renone,
771 3501 868 3582 opinio
897 3501 1024 3583 vuigiit

84 3586 198 3658 iliorum
219 3597 312 3681 eopiin
331 3606 472 3683 regnent.
493 3590 621 3684 euntque
641 3600 766 3680 undique
789 3600 987 3664 ermetireini.

101 3972 205 3994 ,Α
