2176 4050
205 145 384 257 Pset'mne
408 144 622 276 vicesimus
644 189 800 287 pitines.
914 180 976 263 ‘285
1032 156 1049 181 Τ

67 414 115 455 em
137 413 156 453 e
176 389 334 472 principio,
363 389 411 450 uhi
434 409 470 450 ss
492 386 664 449 derelictum
686 396 717 450 et
738 408 796 454 non
815 380 992 477 erantne-J
1078 406 1082 415 ¹

68 521 95 559 ιιι
127 503 310 576 conquestus
339 503 398 556 est.
427 496 507 583 'Jeie
534 513 607 554 vero
640 503 673 555 et
705 512 792 557 orere
823 497 926 578 incipit
945 507 978 561 et

66 623 154 665 erare
176 603 346 663 excuditum
367 598 401 659 iri
424 618 509 671 sese,
544 598 619 659 licet
637 594 695 658 elio
716 601 820 673 modo,
853 621 978 682 quesne
1007 610 1015 627 '

66 708 172 787 incipio
205 706 357 778 nerrevit,
390 702 522 763 eruditur
551 701 624 763 enirn
657 702 812 766 scit·seee
843 690 979 775 exaudiri
1010 756 1042 782 ,,
1075 698 1078 703 ’

69 836 87 875 ιι
111 815 149 875 nd
172 814 249 871 lianc
270 810 361 871 vitem
381 807 573 880 terrendam,
603 808 657 868 sed
684 802 832 872 meliorem
852 815 980 877 reddens

69 942 107 982 m.
152 916 233 991 nien
255 907 371 996 utrque:
674 894 699 931 '·

66 1175 83 1216 e
120 1146 371 1219 discesseris
404 1166 422 1208 e
452 1166 525 1218 me,
560 1147 738 1228 quonism
766 1149 979 1215 tribulatio
1010 1219 1014 1233 ,

158 1254 342 1336 proxime
370 1261 447 1327 eet,
483 1253 661 1332 quonian
681 1273 754 1316 non
775 1264 855 1330 est,

373 1356 636 1439 quiedjuvet

115 1524 266 1602 Hierony.
296 1527 329 1583 et
356 1521 456 1583 Heba
498 1522 543 1580 Ne
574 1521 665 1603 louge
696 1521 737 1584 ιίι
767 1542 871 1619 ιιμιιιοι
913 1523 996 1590 Nou·

67 1630 109 1693 rim
133 1627 285 1711 significet
306 1627 400 1688 Deum
421 1625 637 1698 discedentem,
667 1627 751 1708 quusi
768 1647 860 1710 prope
879 1630 980 1705 tuerit,

67 1759 99 1798 ιιιι
122 1736 259 1814 superius
281 1732 450 1792 derelictum
473 1748 542 1791 sese
565 1731 714 1806 clamarit,
749 1735 803 1797 sed
830 1735 860 1796 id
880 1722 987 1816 potius‘

67 1843 108 1913 ιΙι,
131 1859 170 1901 ne
191 1837 273 1898 Deus
304 1842 479 1917 perseveret
498 1834 590 1915 louge
611 1856 698 1910 esse,
730 1839 784 1900 sed
804 1851 982 1922 approperet
1041 1818 1045 1833 ι

69 1948 176 2016 edem,
208 1943 256 2025 qui
284 1943 347 2024 jem
366 1939 453 2002 nimio
490 1939 688 2013 discesserat,
720 1942 772 2004 id
781 1947 858 2041 quod
880 1954 912 2005 et
932 1924 996 2006 sem·

67 2070 131 2114 rens
154 2045 303 2110 sententie
330 2044 458 2107 indicet:
500 2044 663 2118 „Quenien
681 2047 832 2110 tribulatio
849 2051 983 2130 proxime

67 2162 119 2227 ;,“ι
139 2162 215 2234 quae
235 2151 369 2232 proxime
390 2170 446 2211 nou
470 2160 561 2224 esset,
582 2152 860 2239 niriDeusionge
869 2158 986 2220 disces*
1020 2135 1024 2151 ¹

67 2268 145 2326 sset.
188 2256 324 2317 Accedet
355 2276 430 2336 ergo
461 2257 553 2330 Deus,
588 2268 622 2318 nt
658 2258 793 2320 discedot
821 2260 981 2337 tribulatio,

67 2386 132 2445 ’ope
162 2363 216 2423 fiet
250 2361 329 2440 ipse,
354 2368 388 2421 nt
420 2361 482 2426 iste
508 2362 598 2442 iunge
619 2360 685 2423 fiet.
726 2365 798 2424 Nem
831 2354 982 2431 tribulatio
1065 2440 1073 2457 .

67 2472 202 2550 opinque
235 2485 296 2529 non
315 2466 491 2546 intelligitur
519 2466 555 2527 de
584 2475 732 2544 tempore,
767 2470 852 2549 quasi
881 2471 984 2536 future

67 2589 79 2638 t
102 2577 141 2637 de
163 2573 314 2655 proximo,
337 2571 390 2632 sed
413 2572 449 2630 dc
470 2569 619 2643 violentie,
640 2572 806 2633 intensione
829 2580 861 2634 et
891 2576 983 2657 sehe-
1035 2620 1040 2633 .

68 2682 151 2742 entie
181 2688 236 2740 ceu
257 2678 340 2751 ioco,
372 2676 451 2756 quod
483 2694 541 2736 non
572 2675 613 2735 sit
641 2685 740 2735 ennete
768 2677 805 2735 eb
834 2697 887 2752 eo,
925 2678 983 2741 ino

70 2789 189 2847 cientes
208 2785 311 2853 instet,
333 2789 365 2842 et
385 2788 500 2860 premet
520 2800 595 2853 eum,
617 2788 651 2840 ut
671 2782 811 2860 sequitur,
834 2802 869 2842 se
889 2783 1030 2868 ipsums
1065 2820 1067 2825 ·

67 2907 218 2971 rpouens:
262 2887 405 2955 (luceium
440 2905 498 2946 non
532 2893 582 2944 est
612 2887 745 2966 edjutor,
783 2888 862 2949 sicut
894 2910 983 2968 eupe-
1044 2919 1048 2927 ·

68 3017 103 3058 ns
126 2980 249 3055 satutem
271 2996 361 3074 longe
382 2992 508 3072 positum
531 2990 677 3070 queritur,
707 3010 765 3052 non
785 3001 899 3074 tempus
927 2980 984 3058 'red

72 3101 236 3163 tensionem
259 3096 406 3179 passionis
435 3082 618 3177 significent.
660 3099 706 3157 lte
736 3106 767 3158 et
786 3099 832 3159 tric
854 3101 984 3163 seutieu·
1050 3101 1067 3119 ''

68 3229 121 3268 ιιιι.
164 3207 206 3266 Et
235 3205 280 3264 hic
309 3203 409 3274 rides,
443 3202 587 3282 quomodo
620 3221 720 3263 omnes
748 3203 898 3278 videntes,
935 3207 1009 3287 qni*

68 3311 213 3373 eniserunt
260 3327 341 3379 eum,
378 3309 546 3388 pertineant
581 3307 619 3367 ed
649 3316 875 3385 persecutores,
917 3292 985 3392 puin

68 3429 116 3480 cet
138 3425 233 3478 meter
261 3423 293 3474 et
314 3411 396 3473 emici
424 3420 601 3491 praesentes
631 3419 753 3491 essent,
784 3423 880 3481 temen
901 3418 985 3496 queri

68 3506 103 3584 on
127 3528 246 3604 esseut,
267 3517 457 3588 uidebuntur,
487 3510 550 3576 cum
583 3516 678 3579 nulius
700 3537 798 3579 eorum
820 3521 983 3600 adjuvaret,

68 3628 128 3688 uod
149 3634 181 3688 et
203 3625 293 3706 ipsum
314 3622 413 3685 unxit*
428 3620 640 3685 tribulationem
677 3623 776 3702 potins
805 3644 890 3704 quem
909 3610 985 3709 nitj·

771 3792 781 3827 t
