2286 4042
348 188 528 250 Petimus
549 190 684 250 nouus.
947 196 986 256 Sl
1095 208 1098 215 ·

119 385 257 460 „Sedisti
280 403 369 464 super
390 385 523 444 thronum
543 386 637 465 judex
655 384 820 464 justitiae.‘¹
844 387 893 446 Sic
910 390 986 447 enim

47 476 115 552 una
147 489 249 547 habet.
293 484 402 544 Reddit
431 492 529 544 sutem
562 485 719 554 rationem,
753 503 845 564 quare
877 486 987 547 dixerit

47 608 158 649 eausam
190 605 273 645 suam
310 583 494 663 judicatam·
524 584 592 663 quia
631 585 753 663 (inquit)
782 605 887 662 ¹causo
922 606 987 648 mea

48 689 97 758 tm
124 685 238 745 mundo
266 682 376 752 inuisa,
408 690 439 741 et
471 684 593 743 omnium
614 684 757 742 homiuum
772 684 911 762 judicium
932 685 986 746 iui-

49 805 123 865 quum
146 793 210 864 est,
236 802 299 841 eum
321 782 414 840 omnis
436 783 520 839 homo
542 783 581 839 sit
600 785 725 842 mendax
749 793 780 840 et
800 785 894 841 hostis
911 786 985 844 veri-

48 886 119 956 tatis,
144 903 233 964 quam
255 900 314 960 ego
336 882 440 960 loquor
463 891 494 940 et
516 899 635 961 sequor,
658 882 744 960 adeo,
766 894 799 939 ut
821 889 852 940 et
873 883 916 955 hi,
938 886 987 962 qui

49 985 78 1043 de
98 981 258 1062 sapientia,
278 980 397 1059 justitia
424 990 455 1039 et
477 981 620 1059 religione
642 967 767 1040 maxime
782 982 903 1041 omnium
919 985 986 1060 gio·
1014 1032 1021 1055 2

49 1083 161 1152 riantur,
183 1088 300 1139 montes
315 1078 429 1139 seilicet
448 1080 551 1152 muudi,
574 1079 698 1139 maxime
720 1082 841 1140 omnium
864 1102 907 1141 rue
919 1105 985 1162 per·

50 1191 220 1262 sequantur,
259 1179 306 1258 qui
334 1178 510 1258 ignorantes
538 1179 680 1257 justitiam
709 1188 804 1249 tuam,
844 1190 875 1240 et
903 1203 986 1242 suam

52 1289 224 1360 quaerentes
245 1285 397 1347 statuere,
426 1284 496 1335 tuae
524 1279 658 1357 justitiae
680 1299 736 1337 non
759 1290 826 1338 runt
848 1278 1005 1365 subjectis

54 1392 129 1460 atque
161 1381 218 1437 irae
250 1375 351 1452 speeie
373 1373 522 1446 efficiunt,
556 1384 590 1435 ut
618 1378 748 1436 omnibus
777 1378 937 1438 hominibus
957 1382 986 1440 iu
1019 1374 1023 1382 ⁴

54 1479 88 1538 rui
120 1477 264 1539 effectum
300 1482 332 1532 et
373 1475 427 1533 orei
465 1476 561 1533 odium
592 1478 744 1535 commotis
776 1478 829 1535 sibi
859 1481 987 1538 audeant

10 1648 12 1663 Ι
54 1578 190 1656 polliceri,
220 1583 252 1635 te
282 1593 396 1654 quoque
424 1574 586 1653 iniquitatis
611 1575 740 1654 judicem
770 1575 852 1646 tore,
894 1597 985 1638 meam

10 1690 12 1747 j
56 1697 163 1738 ensem
185 1676 396 1745 damnaturum,
418 1681 450 1733 et
470 1693 552 1733 suam
574 1675 701 1753 ipsorum
720 1673 959 1755 justificatorum.
1046 1759 1048 1765 Ι
1113 1736 1116 1745 ,

10 1796 22 1867 ’.ι
121 1811 231 1870 Verum
254 1816 286 1867 tu
318 1828 351 1867 es
369 1808 463 1888 judex
488 1807 639 1888 justitiae,
671 1817 752 1869 tuum
782 1818 830 1869 est
851 1812 984 1884 tribunat,
1061 1806 1064 1811 ’

57 1917 121 1969 mum
145 1907 307 1990 judicium,
338 1916 406 1967 tuus
434 1908 557 1966 thronus
579 1917 611 1967 et
637 1916 718 1967 tuum
740 1930 873 1988 reguum.
914 1913 985 1971 ideo

14 2040 20 2091 ι
58 2010 108 2068 reio
128 2018 160 2069 et
182 2016 287 2076 certus
309 2007 353 2067 fui
374 2014 406 2065 et
427 2000 542 2084 semirer
562 2025 641 2078 sum,
666 2011 743 2087 quod
765 2009 896 2070 uindices
918 2031 987 2070 eau-

18 2158 21 2165 .
59 2127 107 2168 ram
124 2128 220 2170 meam
243 2117 275 2166 et
295 2105 437 2165 inimicum
459 2105 608 2164 convertis
630 2114 801 2178 retrorsum,
824 2111 986 2185 prosternis

18 2222 21 2233 ·
58 2216 82 2266 rt
113 2207 214 2286 perdis
256 2215 316 2267 eto.
359 2207 392 2267 ln
423 2206 497 2264 hune
533 2223 650 2267 sensum
681 2215 713 2265 et
743 2196 867 2270 Paeo.
899 2209 985 2269 dicit:

21 2348 24 2355 -
58 2307 205 2377 ,dominus
226 2304 383 2385 regnauit,
406 2303 542 2363 decorem
563 2304 679 2364 indutus
704 2312 790 2376 ert,“
813 2315 844 2365 et
865 2309 986 2368 iterum:

21 2400 174 2476 ·',‚Para'ta
197 2406 288 2464 sedes
309 2411 362 2462 tua
382 2422 423 2462 ex
443 2410 529 2474 tuno,
552 2422 571 2462 a
591 2405 712 2464 oaeouio
733 2414 767 2464 tu
786 2416 856 2477 es‚“
886 2384 987 2468 etse·
1063 2446 1065 2451 ·

58 2507 157 2584 quitur:
203 2504 426 2576 „Elevaveruut
448 2499 564 2561 flumina
592 2501 700 2563 fluetus
721 2523 810 2574 suos,
843 2507 988 2568 mirabiles

56 2590 248 2684 suspensurae
276 2602 380 2674 maris,
408 2601 543 2660 mirabilis
569 2601 597 2661 iu
627 2602 695 2662 altis
715 2603 880 2664 dominus.“
922 2608 989 2667 Una

54 2717 93 2764 est
112 2704 192 2765 enim
214 2703 382 2761 consolatio
404 2721 619 2780 oppressorum,
643 2701 728 2771 seire,
754 2704 830 2780 quod
853 2693 988 2763 Christus
1021 2688 1026 2701 ¹
1124 2776 1127 2785 Ι

54 2803 128 2862 redet
165 2820 225 2860 rex
260 2807 292 2858 et
318 2801 422 2880 Jodnx,
446 2798 577 2861 omnium.
621 2800 670 2860 Sic
702 2801 809 2861 Petrus
833 2811 860 2880 1,.
882 2804 936 2865 Pe.
958 2808 989 2864 4.
1049 2816 1053 2836 ·

52 2912 153 2960 costra
192 2898 429 2978 blasphemantes
475 2900 694 2960 sanctimoniam
734 2899 859 2962 fidetium
901 2902 987 2961 dicit:

53 3001 126 3069 „iliu
156 3000 287 3058 reddent
311 3000 457 3060 rationem
488 2999 529 3071 ei,
560 3000 606 3078 qui
637 3009 757 3079 paratus
790 3015 837 3060 est
855 3000 989 3081 judicare

50 3099 129 3161 risos
163 3105 198 3157 et
230 3105 395 3165 mortuos.“
435 3099 605 3177 Quanquam
636 3100 772 3163 hoePs.
795 3096 831 3159 de
854 3111 988 3159 extremo

46 3199 154 3277 judicio
178 3198 296 3284 proprie
318 3218 374 3256 nou
393 3199 547 3284 loquatur,
578 3207 673 3260 terret
694 3210 790 3260 tamen
813 3219 849 3260 eo
871 3200 995 3278 judicio,
1074 3193 1081 3223 ”

48 3306 77 3356 ut
96 3297 271 3366 ridebimus,
294 3298 372 3356 sieut
394 3306 426 3357 et
446 3299 554 3356 Petrus
575 3280 621 3357 irie
642 3297 725 3359 facit.

122 3415 176 3474 Ex
198 3415 243 3472 iris
265 3433 341 3472 nune
363 3411 607 3495 colligi-potest,
638 3433 779 3495 quosnam
805 3415 914 3474 dixerit
935 3414 989 3474 ini-
1063 3415 1066 3429 ’

50 3511 135 3574 siros
166 3531 251 3572 suos.
276 3513 367 3577 fflum
402 3512 476 3572 enim
509 3531 627 3572 eausam
656 3534 739 3573 sunm
767 3514 942 3575 vindicatam
971 3534 990 3572 a
1087 3534 1092 3561 ι

51 3609 107 3673 [iso
127 3613 241 3693 jactet,
264 3611 454 3671 evidens.est
476 3631 509 3672 se
530 3631 651 3690 passum
672 3622 704 3673 et
726 3632 899 3701 oppressura
918 3610 992 3685 tuine

74 3726 167 3770 tument
181 3723 230 3777 ⁰1²¹>
239 3729 322 3776 neget.
341 3723 384 3765 Vol.
398 3723 422 3765 X
425 3723 446 3764 V.
734 3739 759 3801 6
