2286 4042
124 172 187 235 362
330 150 924 250 operationerinpratmoc.:'
991 172 1000 183 ⁸

560 294 563 299 '
689 296 702 329 l

41 386 44 393 ’
124 376 233 450 putent
256 374 380 430 venatur
400 387 501 429 euram
523 366 677 440 duninu,“
705 370 754 430 ubi
780 370 944 435 Hebraeus
973 376 1074 438 babet:

123 469 166 530 Et
187 468 279 528 dixitc
301 467 386 528 Sicut
406 467 525 527 Nimrud
547 477 617 541 etc,
637 469 666 528 id
689 476 755 543 eat,
776 471 854 532 dixit
876 468 1016 555 aliquia,
1029 498 1076 538 reu

123 566 233 628 dictum
245 575 302 640 eet,
318 578 350 629 nt
360 572 410 632 27.
420 589 429 630 ε
440 568 603 640 „Nuntiata
614 579 681 628 eunt
691 570 851 631 Rebeccae
863 578 960 634 verba
974 578 1077 650 Erau,“

122 667 190 728 beb.
212 667 275 727 cie:
296 667 339 726 Et
359 667 503 728 nuntiavit
524 669 692 730 Rebeccae.
724 671 795 729 item
818 675 891 733 aa:
913 674 1011 745 „iden
1032 696 1078 737 vu·

124 775 222 826 catum
244 774 294 825 eut
315 760 417 826 numen
440 769 505 844 ejus
525 766 679 836 acturust
708 786 778 844 pru:
809 777 840 828 et
864 772 995 831 vucavit
1017 775 1079 853 ejur

122 884 229 927 numen
253 866 429 936 (intendet
450 865 540 925 muita
562 864 674 937 rimiiia.
717 865 764 925 lta
776 876 808 926 et
818 866 866 929 bic
886 871 946 929 rit:
965 872 1077 932 Narra·

51 996 54 1003 ·
121 964 175 1037 bit,
196 965 295 1035 idest,
317 972 466 1024 narratum
488 965 544 1024 erit
567 964 681 1023 damino
703 967 739 1053 ad
760 952 1007 1047 generationem,
1028 973 1078 1034 buu

122 1072 181 1136 ert,
209 1064 340 1137 dicetur,
373 1064 451 1144 quud
479 1070 512 1123 et
539 1064 621 1123 Deua
649 1064 759 1124 babeat
789 1070 1023 1144 generationem
1053 1080 1079 1132 et

22 1182 26 1191 ·
120 1163 200 1226 iiiios
222 1163 363 1233 filiorum,
394 1182 498 1242 nempe
527 1163 711 1242 qnibabeat
739 1172 771 1222 et
793 1185 917 1239 nemen,
951 1170 1034 1229 sicut
1054 1172 1078 1231 iu

121 1267 202 1327 lraia
222 1265 278 1325 nit.
300 1264 387 1325 dicit:
419 1262 588 1341 „Numquid
604 1262 651 1343 qui
671 1263 746 1322 aliun
768 1284 877 1344 parere
899 1266 996 1340 facio,
1020 1270 1079 1349 ipre

120 1385 180 1426 nun
202 1365 333 1445 pariunt
366 1363 436 1423 dicit
457 1363 600 1443 dominun.
642 1363 674 1420 Si
695 1383 754 1444 ego
777 1366 825 1444 qui
846 1370 1078 1444 generationem

121 1463 186 1527 aliie
217 1465 332 1535 tribuo,
364 1462 474 1522 atariiia
504 1465 578 1522 erui
612 1462 683 1523 dicit
714 1464 880 1525 dumtuur.“

75 1636 78 1643 ¹
119 1563 251 1627 hebraeo
273 1564 309 1623 da
331 1563 525 1644 generatione
547 1550 688 1641 spirituali
710 1565 881 1642 populorum
897 1566 960 1627 dici
980 1569 1077 1628 meiiur

120 1664 249 1726 videtur.
292 1663 571 1751 Pr.101..[tbn.]3
592 1663 676 1735 „uiti
691 1683 841 1724 nervorum
860 1672 983 1726 tuorum
1002 1669 1077 1727 babi-

120 1766 227 1827 tabuut
260 1770 292 1822 et
313 1782 413 1822 neuneu
436 1781 535 1821 eorum
555 1762 585 1821 in
613 1762 762 1823 saeculum
792 1763 982 1843 dirigetur.“.
1023 1769 1075 1827 Eut

121 1872 219 1927 antem
253 1882 350 1922 nermo
382 1871 465 1921 tutuo
498 1861 664 1925 hebraicae.
717 1861 854 1923 Narrabit
874 1862 1016 1949 'dominc
1051 1868 1073 1926 in

120 1963 365 2047 generationem,
395 1963 425 2021 id
454 1970 518 2032 eet,
554 1961 786 2039 praedicabitur,
817 1970 851 2025 et
878 1964 939 2024 bac
962 1966 1074 2046 praedi·

120 2064 240 2127 catione
254 2063 369 2121 dominu
385 2062 609 2140 praedicabitur,
633 2071 665 2122 et
685 2061 730 2123 ric
742 2061 977 2143 praedicabitur,
1002 2064 1073 2145 quud

121 2163 255 2223 dominun
277 2164 314 2221 ad
336 2161 558 2243 generationem
581 2161 745 2241 pertinent,
775 2180 829 2221 reu
861 2161 903 2221 uit
934 2165 963 2225 ei
985 2184 1072 2244 genn·

119 2262 214 2334 ratio,
247 2262 325 2341 quud
353 2268 402 2319 eat
432 2259 561 2321 mirabiiu
591 2260 620 2319 in
643 2261 738 2321 eculin
765 2260 896 2333 nuttrin,
928 2273 965 2322 ut
996 2266 1071 2323 Dent

38 2400 40 2407 ,
119 2363 211 2424 etiam
230 2361 330 2423 similit
344 2360 504 2421 bominibus
521 2361 631 2422 babeat
649 2361 871 2442 generationem
888 2363 1069 2442 populorum.

48 2526 52 2537 ,
119 2462 219 2524 Semel
234 2470 332 2521 autum
350 2460 420 2521 dicit
437 2461 680 2541 generationem,
693 2480 756 2522 cnm
774 2461 878 2541 ubique
895 2463 1069 2543 geminetur,

117 2562 325 2645 generatione,
343 2561 550 2640 generatione.
584 2562 643 2620 Sed
656 2561 713 2621 buc
729 2560 806 2631 iden,
830 2560 898 2642 quia
914 2562 943 2623 in
964 2565 1068 2624 nemine

116 2661 229 2724 earnaii
246 2658 404 2740 generatio
424 2659 585 2738 praeterit,
617 2658 774 2741 generatio
796 2660 939 2734 aduenit,
973 2671 1008 2723 et
1029 2669 1068 2721 ert

115 2761 273 2839 aucceaniu
295 2778 353 2819 nun
374 2759 567 2831 manentium,
588 2760 663 2819 baeu
684 2778 756 2821 veru
777 2762 937 2842 generatio
961 2772 1022 2834 eat,
1041 2768 1068 2820 ut

115 2967 339 3041 congregentur
346 2944 658 3040 generatiuurmsquia
669 2959 830 3040 spiritualia
839 2967 886 3020 ert
895 2966 928 3020 et
937 2970 1065 3021 aeterna.

194 3111 324 3174 Venient
353 3119 386 3170 et
414 3113 627 3174 annuntiabunt
651 3112 795 3194 justitiam
828 3112 895 3196 ejua
934 3111 985 3192 (id
1017 3121 1066 3183 ert,

109 3211 258 3312 justitiam
284 3210 389 3284 fidei),
411 3231 469 3272 uun
487 3213 633 3292 juntitiam
656 3233 774 3292 operum
796 3219 828 3278 et
848 3210 937 3291 legin,
963 3232 1066 3273 anunn-

110 3312 230 3372 tiabunt
258 3311 374 3372 ncilieet
407 3331 506 3373 renen
536 3320 569 3373 et
597 3313 753 3393 generatio
774 3312 857 3392 ejus,
892 3312 972 3372 baec
1000 3312 1065 3372 enin

110 3409 168 3469 erit
190 3410 324 3474 territur
347 3408 463 3484 nurum,
495 3420 529 3472 nt
562 3420 592 3475 1.
614 3413 668 3473 Pe.
689 3419 719 3475 2.
742 3413 789 3475 d.:
832 3411 915 3485 „Vua
948 3411 1065 3490 populun

109 3509 333 3588 acquiritiunie,
362 3519 398 3570 ut
426 3513 571 3572 enarratio
595 3510 723 3572 virtuter
752 3511 835 3591 ejna,
869 3510 919 3590 qui
950 3507 1066 3571 vucavit

22 3636 25 3639 ·
106 3625 163 3677 tna
183 3606 404 3678 itt-admirabile
424 3611 518 3678 tumen
547 3618 661 3679 ruam‘t
709 3611 778 3674 Nun
799 3608 874 3674 enirn
895 3609 1066 3672 nuntiabunt

114 2861 231 2947 pricrca
261 2877 320 2920 nun
350 2859 459 2919 cedunt
479 2857 685 2939 nuquentibun,
728 2860 781 2920 aed
812 2861 897 2923 simui
926 2861 955 2921 in
991 2879 1066 2921 unru
1081 2830 1113 3896 p
