2176 4050
121 218 160 278 lll
288 182 291 189 ί
319 212 597 291 ὓμζιιιίουει
617 182 869 293 ἱιιιμιίὶιοτ.

125 410 228 470 merila
251 406 308 478 foi,
340 388 410 467 ml
429 408 562 490 gratuita
589 428 644 469 sna
676 407 899 487 misericordia,
926 414 988 493 quia
1011 412 1048 477 ria-
1084 408 1087 413 ¹

125 516 260 593 placitum
281 511 337 570 fuit
359 520 428 571 ante
451 532 531 584 eum,
562 521 594 573 ut
622 504 739 576 bomilia
760 516 927 601 respiceret
946 526 976 579 et
992 520 1043 579 lbe-
1081 520 1084 583 j

125 629 214 690 roret,
237 626 270 677 ot
292 638 349 676 non
371 618 516 698 glorietur
534 637 633 679 eoram
656 638 693 679 eo
716 620 811 680 omnis
827 610 924 694 ¹earo,
948 622 1046 703 raian
1087 649 1088 654 ’

125 724 287 802 gloriatur,
315 721 344 781 iu
367 722 480 782 domino
504 721 665 807 glorietur,
699 725 768 806 quin
795 744 858 785 nou
888 726 1046 787 eurrenttbu
1087 739 1088 742 ’

125 829 220 909 nobis,
244 828 298 887 ned
319 830 521 909 complacente
543 836 575 888 et
595 827 755 889 niterente
782 829 836 889 illa
858 831 933 893 salvi
952 831 1045 893 erinna

126 1015 174 1073 Et
195 1013 398 1075 retribuet
418 1014 502 1074 mibi
524 1014 694 1076 dominu'r
726 1016 940 1077 seeundum
958 1014 1046 1099 jotti·

127 1119 219 1180 tiam
241 1139 364 1189 meam,
388 1120 650 1181 etaecundum
667 1119 885 1198 puritatem
900 1140 1045 1183 manner

335 1244 505 1284 mearum
536 1225 734 1286 retribuet
763 1224 864 1287 mibi.

210 1350 347 1428 oportuit
368 1359 400 1412 et
419 1353 476 1411 boe
497 1352 616 1413 verbnm
638 1351 823 1424 ‚,retribnet“
856 1354 885 1413 in
907 1352 1044 1431 praeterite
1077 1320 1084 1461 ξ

128 1455 261 1515 similiter
283 1456 409 1529 ceteris,
439 1467 492 1517 aut
520 1466 623 1516 cetera
656 1477 771 1537 quoqne
802 1458 832 1519 in
854 1459 955 1519 futuro
974 1458 1045 1537 rell,
1076 1478 1086 1523 l

109 1554 163 1620 ¹ne
185 1561 382 1642 intelligentia
403 1570 434 1622 et
456 1563 528 1623 ordo
551 1560 792 1625 confunderetur.
834 1563 894 1625 Hie
911 1565 982 1623 enin
996 1581 1047 1623 tert

128 1666 256 1723 ecelerla
279 1677 430 1746 comparat
450 1667 554 1745 impiae
576 1687 771 1748 synagogae,
805 1669 892 1748 eujus
921 1684 1048 1747 compan-
1077 1698 1085 1739 a

129 1769 209 1829 tione
232 1773 321 1852 digna
350 1770 406 1831 tuit
427 1771 543 1831 liberari
574 1781 606 1831 et
627 1774 713 1833 eluci
732 1774 761 1833 iu
783 1772 982 1854 latitudinem,
1005 1766 1049 1831 tlti

128 1876 156 1936 ln
188 1885 355 1958 conspeetu
385 1875 442 1939 Dei
472 1895 530 1936 non
561 1876 701 1950 baberet,
733 1876 763 1936 in
792 1898 852 1959 quo
880 1878 1047 1959 gloriaretur.

128 1981 182 2039 nial
204 1981 364 2062 gratuitum
395 1980 606 2057 beneplacitum
628 1980 702 2061 Dei,
735 2002 791 2062 quo
815 1981 927 2043 affeetu
949 1982 1048 2045 viliam
1083 2020 1086 2025 -

127 2095 160 2145 et
182 2088 233 2148 Pa.
253 2091 284 2149 7.
308 2094 339 2145 et
363 2090 410 2148 16.
435 2086 522 2163 [la]
547 2085 607 2165 peti
625 2084 764 2164 judicium
785 2064 892 2147 allen
918 2106 1000 2167 anper
1013 2086 1050 2167 ja·
1081 2118 1086 2163 ¹.

128 2190 221 2252 stitia.
263 2189 331 2250 Etsi
362 2189 437 2249 enim
464 2210 519 2248 noa
546 2189 661 2250 nonnisi
689 2190 881 2252 accusatione
904 2191 994 2252 nostri
1011 2208 1051 2249 ea·
1070 2176 1087 2253 ,ι’

128 2315 188 2366 ram
209 2297 275 2356 Deo
294 2293 507 2376 justificamur,
529 2305 626 2355 tamen
648 2294 725 2374 impii
752 2294 851 2355 multia
873 2290 1050 2357 meliorabit
1087 2343 1088 2368 a

128 2384 261 2481 injuriam
281 2399 411 2472 faciunt,
439 2400 611 2479 praesertim
639 2400 668 2459 in
698 2402 787 2460 verbo
810 2401 877 2464 liei.
920 2403 986 2461 lloo
1003 2404 1050 2467 ttl.

129 2509 206 2586 quod
237 2507 285 2567 bie
316 2507 429 2587 allegat
457 2506 601 2586 justitiam
634 2524 733 2585 ruam,
767 2516 991 2585 propterquam
1009 2496 1052 2559 rili

130 2615 300 2673 retributam
330 2613 474 2694 gloriatur
505 2611 704 2670 liberationem
740 2610 776 2670 ab
807 2608 942 2673 inimicia.
982 2602 1052 2668 bini

130 2724 178 2775 eut
200 2717 272 2778 enim
291 2717 436 2797 inuictum
450 2716 527 2775 inter
547 2717 639 2775 Deum
662 2704 694 2774 et
714 2732 788 2794 uon,
817 2713 896 2774 aliud
917 2713 991 2773 inter
1007 2728 1052 2771 ror

130 2828 162 2880 et
182 2822 284 2899 impios
306 2820 506 2894 adversarios,
529 2821 565 2880 de
584 2839 647 2899 ¹(lua
667 2839 699 2878 re
720 2817 798 2879 inter
813 2819 883 2881 lob.
906 2824 939 2878 et
958 2815 1051 2876 enitet
1079 2826 1082 2833 '

130 2945 201 2985 snos
223 2924 343 3006 grandia
365 2924 525 3003 disputatio
547 2934 611 2993 eat,
642 2923 807 2999 volentibus
827 2922 901 2993 illia,
928 2922 1052 2983 bomine!

129 3047 219 3105 posse
242 3051 278 3091 eo
300 3028 470 3108 pervenire,
504 3037 537 3088 nt
559 3036 591 3087 et
608 3027 708 3107 jurtnn
739 3008 840 3088 eoram
860 3029 928 3089 Deo
949 3028 1002 3109 tit,
1030 3020 1052 3083 rl

131 3110 227 3196 coram
250 3134 408 3192 bominibus
430 3131 507 3190 nullo
532 3131 571 3189 sit
586 3140 711 3211 peceato
727 3132 869 3210 pollutor,
888 3132 938 3192 ille
951 3138 1049 3207 eoam,

128 3240 270 3318 justitiam
304 3258 401 3298 eoram
433 3235 593 3296 bominibnt
616 3244 759 3318 arrogat,
791 3238 846 3298 eei
875 3256 971 3297 eoram
997 3234 1049 3295 lle·

130 3353 317 3422 peccatorem
353 3361 422 3401 aere
461 3338 639 3422 confitetur,
671 3340 717 3402 eoi
748 3361 851 3403 omnen
879 3340 1049 3422 aeeeaottl

65 3448 68 3453 ’
130 3454 223 3526 egent
244 3446 340 3524 glorio
360 3444 426 3509 [lei.

212 3549 342 3608 Diximus
364 3551 415 3610 Pe.
441 3555 487 3610 tu.
514 3549 601 3625 [Ι3.·]
624 3547 845 3611 retributionem
865 3550 893 3611 in
915 3542 1044 3626 teriplrrit

130 3652 225 3737 magia
246 3671 353 3713 nouare
383 3652 571 3713 mutationem
604 3653 748 3733 paoaioniu
782 3674 867 3737 quam
898 3650 1042 3736 lig-bau

214 3948 342 3988 *-
417 3978 421 3987 .
