2176 4050
216 224 219 229 ·
278 193 464 271 Praimur'
492 216 628 266 aanor.
780 260 786 273 ,
861 212 925 276 m

67 398 168 461 ididirre.
201 396 276 478 dog.
297 396 409 458 iadieat
429 382 503 471 3750
533 395 577 477 (id
598 402 663 470 eat,
694 396 870 483 diapsalma)
891 407 921 469 ia

67 511 171 571 radiae
188 512 308 594 paritum
330 509 437 586 fuisse,
460 510 514 570 aed
540 511 579 571 de
595 510 834 592 „meditatione“
855 519 922 582 riva
983 585 991 593 ,

67 616 103 682 tbi
117 611 180 670 ribii.
217 608 390 691 Mirumquo'
400 610 466 690 quid
487 610 559 671 velit
580 629 618 670 ea
638 602 745 686 diutia,
784 635 921 693 praenar-
1006 643 1009 653 ·

81 731 222 785 mutante
243 724 298 798 sit,
328 732 363 784 ut
393 724 460 809 eota
479 698 607 783 medium
630 744 748 785 versum
771 728 920 802 abeoirat,

67 844 95 883 re
111 832 184 902 parte
204 833 263 884 tara
273 825 385 906 ionga.
416 825 488 883 Nam
519 825 555 883 de
576 807 648 931 ,ἠδ
671 826 794 889 diximus
816 828 868 889 Pe.
889 834 921 895 3.

67 938 135 998 boo
162 945 272 998 certum
305 945 368 1010 eat,
399 957 435 997 an
463 935 492 995 in
513 937 734 1011 nominativum,
764 934 922 1004 ablativum

78 1039 230 1097 vocativum
260 1039 345 1098 reddi
372 1036 522 1109 debuerit,
553 1038 723 1120 meditatio,
754 1042 921 1102 meditatio·

67 1145 132 1206 ,aut
151 1158 169 1197 o
191 1136 355 1196 meditatio.
399 1135 649 1217 significationem
672 1140 738 1218 rjus
759 1139 813 1200 Pr.
829 1140 920 1219 primo

67 1257 129 1306 nur,
158 1236 207 1295 ubi
239 1237 363 1296 dieiturz
406 1237 456 1306 „io
489 1237 557 1317 iege
580 1237 644 1319 ejus
666 1238 852 1299 meditabitur
873 1222 921 1300 dia¹
951 1300 959 1309 ,

67 1342 159 1398 oete.“
202 1331 362 1416 Significat
390 1334 462 1395 enim
484 1335 572 1416 ioqui,
596 1337 770 1412 dissertare,
793 1337 921 1416 garrire,

67 1436 148 1495 raino
169 1433 321 1515 negotium
343 1434 423 1494 verbi
446 1442 497 1494 aut
519 1442 639 1506 cautus,
669 1436 713 1497 aio
744 1444 860 1508 tameo,
888 1444 923 1499 ut
1034 1482 1037 1495 .

67 1544 118 1594 tate
139 1534 211 1605 fiat,
233 1535 310 1593 unde
331 1533 503 1613 frequenter
523 1553 587 1594 enm
609 1535 700 1595 corde
722 1534 921 1617 conjungitur,

86 1641 148 1698 19..
193 1634 235 1694 Et
273 1632 425 1692 meditatio
463 1633 561 1694 cordia
597 1634 654 1695 mei
685 1634 714 1696 in
759 1643 923 1716 conspectu
974 1707 980 1723 .

81 1735 126 1792 ubi
147 1741 198 1793 eat
220 1733 321 1792 eadem
343 1733 442 1805 dictio,
464 1753 540 1831 quae
561 1734 622 1813 boa
639 1736 717 1796 ioco.
784 1752 793 1760 ·

67 1848 125 1929 iigo
165 1868 261 1909 meam
299 1848 403 1909 iterum
434 1825 631 1931 ignoruntium
666 1847 830 1921 eooiiteor,
866 1847 923 1910 uiri

83 1948 236 2028 auspicor
243 1949 416 2027 prophetam
451 1950 486 2008 de
514 1950 593 2009 bona
621 1949 811 2010 meditatione
832 1948 922 2029 ioqui.

70 2069 129 2108 ram
163 2048 270 2127 ignota
304 2049 429 2126 primos,
459 2048 516 2126 etei
544 2049 573 2108 id
593 2058 685 2129 poeta
705 2069 804 2129 parum
827 2057 923 2109 tutum

67 2155 99 2208 tt.
145 2146 225 2212 Quid
263 2146 288 2205 ei
307 2147 467 2225 ‘propbeta
505 2168 575 2226 prae
614 2149 773 2208 abundanti
811 2147 923 2208 affeetu

78 2246 138 2307 Dei
170 2243 335 2305 eiiieaeiam
365 2254 396 2304 et
418 2244 543 2306 fructum
565 2268 623 2308 una
643 2247 699 2307 bac
721 2246 849 2307 dictione
869 2268 923 2307 vo-

70 2391 79 2418 ,
112 2346 199 2407 reiut
229 2345 439 2418 exclamando,
468 2349 693 2407 commendaret
723 2366 759 2407 aa
780 2345 806 2405 ri
828 2322 921 2406 dieat:

78 2453 192 2526 gentes
216 2444 423 2523 demerguntur
443 2444 478 2505 in·
493 2445 629 2518 interitu,
659 2465 743 2526 quern
775 2442 922 2517 fecerunt,

67 2553 130 2604 atur
154 2544 278 2623 laqueo,
302 2564 383 2623 quem
405 2545 607 2621 abscondunt,
629 2544 804 2626 agnorcitur
833 2543 923 2623 domi·
981 2600 988 2606 .

67 2641 164 2702 udieia
185 2640 308 2713 facient,
330 2642 410 2702 etin
433 2643 568 2723 operibor
591 2645 653 2703 suia
671 2644 925 2723 comprehenditur

67 2762 95 2812 a,
127 2747 220 2820 atque
236 2742 325 2818 =baoe
348 2743 442 2803 omnia
465 2742 670 2812 meditatione,
693 2741 721 2801 id
744 2750 809 2824 eat,
841 2740 924 2802 uerbi

67 2840 153 2900 tario.
176 2840 376 2914 0meditatio,
399 2864 417 2901 o
436 2843 518 2903 verbi
528 2842 725 2911 ministerium,
748 2848 780 2901 to
793 2835 842 2901 rea
864 2847 924 2900 tam

95 2949 159 2999 tarn
182 2939 340 3018 deoperta,
375 2930 434 3000 tam
455 2939 587 3014 infirma,
619 2948 679 3000 tam
711 2941 804 3001 rtuita
826 2959 925 3000 eoram

67 3040 158 3110 tib'ua,
181 3046 214 3098 et
234 3046 322 3098 tauta
344 3060 396 3116 per
415 3047 448 3115 te
470 3039 555 3101 fiunt.
598 3040 650 3099 Tu
673 3039 745 3100 enim
767 3039 833 3098 aoia
854 3056 925 3097 eoo-

68 3138 92 3197 ir
109 3141 177 3198 Deo
199 3138 228 3198 io
252 3138 381 3198 omnibus
404 3128 579 3200 mirabilibus
601 3138 675 3208 irtio,
698 3157 756 3198 noa
777 3134 925 3215 potentat,

70 3237 238 3316 rapientia,
272 3256 330 3296 non
348 3237 483 3317 jurtitia,
516 3257 573 3297 non
607 3237 706 3317 gratia
727 3235 832 3297 mundi.
867 3235 925 3299 'Sic

79 3347 112 3397 et
135 3338 163 3396 in
187 3336 347 3397 vernacula
366 3345 490 3413 nostra,
513 3357 575 3396 eum
597 3334 851 3397 vehementissima
873 3334 926 3396 ad·
950 3329 952 3333 ¹

67 3456 118 3496 nur
140 3434 259 3515 aliquod
281 3443 414 3514 gentum,
442 3456 496 3516 per
515 3436 544 3495 id
565 3434 642 3514 qnod
662 3454 720 3497 non
742 3434 925 3512 operabatur,

67 3533 141 3594 trel
162 3532 366 3614 indignatione
395 3536 443 3597 vei
477 3532 668 3595 admiratione
688 3531 782 3612 ipsun
802 3530 853 3593 vix
873 3549 927 3591 no·

67 3652 137 3708 nar,
156 3633 316 3697 dieantart
356 3634 418 3709 iile,
437 3633 534 3698 irteaa
554 3632 669 3697 feoitt
