2286 4042
41 128 43 135 Ι
125 168 196 248 'St'
332 150 884 266 upereetoaenopretsee(
1004 174 1007 180 ’

169 287 175 324 i

10 450 16 454 ,
111 340 208 444 ΙνοιΜ
222 340 338 443 *illisae
360 377 414 456 „Sl
434 379 493 444 dac
513 385 603 462 super
617 322 732 444 ¹terrear
753 381 965 454 consenseriut
982 402 1071 471 snper

122 471 299 564 'quacunque
318 496 353 544 ra
373 486 467 553 etc.,“
488 479 596 577 optine
616 479 702 547 iacit.

205 677 292 740 llaec
313 675 390 751 dica
410 658 489 760 quod
509 678 618 763 scien,
640 696 726 761 quaer
746 681 884 761 pertines
904 681 1010 745 orm·
1030 684 1070 745 sit

122 776 232 840 iidueis
258 795 379 858 eperum
406 784 575 839 sueborum
606 785 639 839 et
660 777 829 859 periculosa
848 778 948 862 legum
958 782 1069 845 ‘buna-

121 852 228 940 ΜΠ
259 875 433 958 superstitio
461 877 491 939 in
520 874 591 939 ticet
624 876 835 941 sinceritatem.
876 879 951 954 Vide
982 901 1067 965 ergo,

121 995 208 1058 quam
236 976 332 1039 omnia
360 981 430 1037 sunt
456 974 548 1036 libera
576 975 661 1037 nobis
689 997 744 1057 per
770 975 874 1051 fidem,
905 986 938 1039 et
966 987 1068 1043 tanen

104 1075 231 1147 'omnia
245 1093 337 1140 serra
369 1094 424 1158 per
455 1075 626 1148 caritates,
661 1084 697 1138 ut
724 1075 808 1138 simul
840 1084 905 1138 stet
935 1081 1066 1140 seruitus

90 1191 93 1197 ’
119 1174 283 1248 libertatis,
311 1182 345 1237 et
369 1173 492 1237 libertas
513 1174 683 1247 seruitutis,
714 1176 792 1257 quod
818 1161 890 1237 nulli
910 1177 1066 1261 quidquam

29 1299 32 1306 ¹
92 1274 276 1351 debemus,
311 1272 368 1338 nisi
401 1281 436 1335 st
477 1273 632 1356 diligamus
667 1273 802 1340 invicem.
843 1275 894 1339 Sic
928 1277 1067 1342 Christus

108 1359 246 1439 dobmn.
270 1379 320 1445 to.
341 1372 431 1439 dicit:
471 1372 562 1457 „Ego
583 1372 787 1456 sumundum,
808 1393 863 1455 per
882 1396 928 1460 ‚¹¹⁰
950 1378 977 1438 si
998 1380 1063 1459 qnia

70 1534 72 1538 Α
118 1473 274 1548 introierit,
301 1470 473 1547 salvabitur,
495 1482 527 1534 et
547 1471 731 1555 ingradiatur
751 1486 783 1535 et
804 1474 996 1556 egredietur,
1031 1489 1065 1540 et

5 1578 8 1587 ’
117 1596 232 1657 parcus
265 1572 430 1638 inveniet.“
470 1574 631 1656 ingressus
665 1572 695 1634 iu
724 1572 872 1641 Christum
899 1573 1063 1651 rutildae,

119 1696 195 1758 qaue
219 1695 275 1737 noa
304 1671 419 1755 colligit
446 1671 475 1734 in
503 1671 621 1734 diritius
646 1670 783 1754 justitiae
803 1673 878 1750 nei,
907 1695 965 1758 qna
994 1677 1065 1740 Dec

107 1772 176 1857 jam
220 1772 444 1836 satisfacientes
482 1772 559 1854 justi
593 1790 713 1847 sumus,
745 1771 888 1837 nudorum
941 1796 1064 1858 operum

118 1882 247 1959 egentes
276 1872 476 1956 adjustitiam
507 1872 676 1954 parandam.
717 1872 871 1955 Egressus
892 1882 991 1939 autem
1012 1886 1064 1940 eat

103 1974 248 2048 'ceritum
278 1993 355 2056 quae
385 1991 442 2036 nos
468 1973 587 2056 institia
613 1972 672 2035 Dei
704 1973 826 2037 indutas
853 1974 1002 2038 distribuit
1030 1978 1063 2041 in

119 2075 259 2157 obsequia
286 2073 411 2155 proximi
451 2082 483 2134 et
511 2072 686 2136 exercitium
717 2073 826 2156 proprii
847 2077 998 2157 corporis,
1021 2079 1061 2140 sd

19 2216 22 2229 «
71 2166 75 2175 ’
118 2166 346 2238 succurrendum
375 2173 490 2237 alienae
516 2170 703 2256 paupertati,
730 2177 765 2234 nt
792 2181 825 2235 et
852 2173 910 2256 ipsi
928 2196 984 2256 per
1003 2194 1061 2239 nos

113 2273 241 2360 ¹attracti
266 2260 427 2359 'uobiscum
461 2270 665 2354 ingrediantur
700 2273 730 2335 ln
773 2269 931 2338 Christum.
973 2275 1061 2337 Sicut

115 2374 191 2436 anim
224 2372 360 2440 cbristus
390 2372 485 2436 exirit
513 2373 638 2446 alteo,
662 2376 695 2434 et
721 2371 850 2435 attraxit
876 2392 952 2457 nos,
987 2374 1060 2438 nibil

16 2498 19 2503 ¹
116 2492 262 2556 quaerens
290 2472 320 2535 in
350 2471 427 2534 omni
453 2472 517 2537 vito
544 2492 616 2546 sua,
648 2469 727 2554 quud
755 2490 837 2533 auum
865 2471 966 2546 esset,
1003 2475 1059 2537 sed

115 2575 195 2657 quad
214 2580 365 2646 rastrum,
391 2569 515 2645 ita„ubi
534 2568 594 2634 lide
614 2569 744 2654 ingressi
762 2569 920 2645 fuerimus,
947 2577 980 2634 et
999 2590 1057 2635 nus

115 2675 199 2736 exire
228 2668 366 2756 oportet,
397 2672 555 2736 attracturi
580 2678 614 2732 et
640 2670 732 2744 olias,
768 2671 837 2731 nibil
867 2677 1056 2753 quaerentes,

42 2758 50 2786 ¹
115 2773 174 2836 nisi
194 2780 228 2838 ut
249 2772 382 2837 omuibus
401 2771 569 2836 servientes
596 2771 705 2833 multos
726 2770 874 2834 solvermu
894 2770 1057 2838 rotiacum.

196 2975 237 3063 lit
258 2979 357 3036 autem
389 2973 427 3034 ad
447 2970 592 3036 Psalmum
613 2971 779 3055 redeamus.
820 2969 903 3033 Satis
924 2977 1057 3044 constat,

112 3073 270 3137 incredulis
299 3073 369 3153 nibil
394 3093 464 3137 asne
491 3073 642 3148 muudum,
671 3074 725 3136 aad
753 3072 821 3155 quia
841 3092 912 3134 caro
933 3077 1004 3132 suut
1025 3079 1058 3133 et

111 3175 244 3254 Spiritus
276 3164 385 3235 doniini
406 3192 466 3236 nan
496 3181 617 3256 regnat·
641 3172 671 3235 in
704 3173 768 3256 eis,
807 3170 906 3233 studia
940 3187 1057 3252 quoque

87 3279 89 3282 '
114 3293 215 3334 eorum
235 3273 358 3353 putrida
373 3292 410 3335 sc
430 3273 503 3335 tolia
530 3293 653 3355 prorsus
670 3294 760 3346 ‘essa,
789 3272 883 3355 qualia
904 3276 954 3332 ast
975 3290 1057 3344 caro,

111 3370 203 3432 foeda
230 3372 357 3456 scilicet,
385 3379 525 3454 corrupta
552 3380 584 3436 et
611 3373 795 3445 abominata,
816 3373 845 3432 id
876 3371 955 3452 qnod
989 3371 1058 3450 ipsa

55 3477 59 3490 “
111 3489 170 3532 nun
191 3477 304 3535 tantun
325 3473 353 3535 iu
374 3480 487 3546 morte,
508 3473 671 3535 sedetiam
692 3473 720 3534 in
742 3473 805 3535 vita
826 3470 901 3532 satis
922 3471 1058 3541 ostendit

112 3571 174 3631 suis
196 3570 361 3634 multifariis
383 3573 626 3653 corruptionibus.
669 3563 729 3634 list
752 3579 850 3634 autem
873 3571 902 3633 in
923 3570 1056 3633 bebracu

48 3701 56 3713 ,
101 3679 262 3757 utrmque
292 3673 412 3740 serbus
446 3672 593 3743 miluum
622 3680 818 3756 corruperunt
845 3677 878 3734 et
905 3666 1060 3745 abanim
