2176 4050
94 160 174 259 π’
294 166 874 294 0·'perstic.nrsinprslmur.'⁶

94 393 230 477 opinione
262 396 294 451 rt
321 391 541 468 praesumtione
564 385 702 469 -illnrnrn,
737 393 809 471 lien
836 395 904 458 inire
926 417 944 478 i

42 486 47 503 ’
93 498 258 583 praeveniri
279 496 403 577 impium.
447 499 565 558 Revers
586 497 681 580 enim,
703 498 762 561 niel
780 501 864 563 Deus
882 521 944 581 preci

37 656 40 667 .
92 616 153 685 ret,
173 607 249 667 idern
272 610 364 672 esset,
388 621 425 664 nc
446 605 473 663 si
493 622 636 682 praeseus
659 603 760 677 esset,'
774 624 852 687 quse
871 612 944 669 tumr

93 711 194 775 lutura
214 706 339 769 omniurn
361 726 452 769 seusu
473 715 615 787 spueret·

114 960 120 975 ,
174 896 329 969 (lusineio
350 898 455 957 nester
476 913 539 954 cum
574 913 629 957 run
652 894 865 980 „projicientes
884 904 938 959 ne'‘

72 1082 75 1088 .
93 1009 258 1082 consonet,
281 1001 396 1082 ignore,
417 998 472 1059 nisi
495 1001 615 1061 velimus
631 982 756 1078 dicere,
777 1002 937 1063 incedentes

88 1103 165 1189 'prce
186 1103 455 1179 nimissecuritcte
477 1106 584 1164 hebere
606 1106 741 1185 pupulum
764 1107 822 1167 Dei
841 1127 892 1186 pro
910 1127 937 1166 re

90 1209 204 1295 jectili,
224 1228 314 1290 ·quse
353 1209 470 1269 scilicet
507 1217 539 1270 et
572 1209 660 1270 facile
698 1217 730 1271 et
764 1211 864 1272 viliter
882 1211 944 1292 prnji

91 1315 193 1387 forne,
232 1314 311 1374 sicut
338 1312 493 1393 spostolus
526 1298 560 1373 se
581 1314 673 1391 iprum
695 1312 855 1395 peripsima
874 1324 903 1377 et
921 1336 944 1397 pr

91 1416 217 1482 menium
250 1420 338 1499 hujus
374 1417 488 1503 muntii
508 1416 654 1495 appellnt,
689 1418 755 1496 [2]
781 1426 809 1480 1.
833 1421 899 1482 Cor.
919 1425 944 1480 t.

92 1533 175 1587 certe
196 1524 313 1586 ridetur
325 1522 420 1583 Dnuirl
441 1521 517 1581 huuc
537 1522 586 1581 Ps.
610 1541 651 1582 ex
671 1520 796 1583 historie
817 1544 871 1586 sue
889 1527 944 1584 imm

44 1624 47 1631 ’
92 1638 121 1695 l.
140 1628 219 1711 neg.
241 1633 312 1700 Ἃ,
341 1626 390 1687 ubi
412 1628 484 1687 Snui
512 1647 577 1687 cum
599 1627 720 1707 Zipheis
741 1630 778 1689 st
802 1628 943 1709 despernti

90 1754 183 1815 usque
205 1754 268 1795 eum
291 1739 466 1812 persecutus
489 1739 547 1803 est,
569 1737 600 1791 et
620 1730 746 1812 figurem
767 1735 897 1796 vertisse
916 1736 941 1796 in

90 1840 229 1920 puellum,
252 1837 344 1899 verbs
365 1835 439 1897 enim
460 1837 581 1916 pulchre
602 1837 757 1918 quadrent.

171 2023 281 2086 Oculus
302 2040 374 2083 snos
401 2032 565 2104 posuerunt
593 2000 790 2087 declinere-in
813 2033 906 2089 terre.

169 2174 202 2233 id
224 2192 283 2253 ege
304 2172 499 2255 intelligerem
528 2176 565 2235 de
597 2181 738 2254 respectu
753 2194 943 2259 'persecurum

87 2287 159 2352 tum,
187 2285 222 2338 ut
241 2283 326 2339 esset
346 2278 525 2368 querimonis
548 2280 591 2358 -pii
611 2280 708 2360 pupuli
730 2300 823 2360 super
843 2280 940 2361 impin·

86 2383 225 2445 tineciter
245 2382 433 2443 inhaerentes
454 2385 607 2462 personis,
639 2384 894 2464 alteramenta,
924 2392 944 2443 ei

86 2489 163 2550 milis
175 2495 410 2568 contemnentes,
427 2463 531 2548 contre
542 2493 732 2566 praeceptum
749 2489 865 2563 demini,
875 2488 944 2550 line.

85 2595 172 2668 „lion
210 2574 343 2675 sequeris
373 2592 486 2653 turbem
517 2595 553 2652 sd
583 2591 750 2654 iaciendum
771 2594 891 2666 mulum,
921 2612 944 2653 m

83 2699 195 2782 judicie
222 2698 406 2778 plurimorum
434 2697 608 2777 requiescet
637 2701 826 2771 sententiae,
864 2705 932 2758 utn

86 2805 224 2867 levier.“
246 2804 325 2861 -Ncn
347 2820 422 2881 ergo
437 2802 547 2860 mculos
570 2821 640 2861 suos
661 2803 690 2862 in
713 2803 872 2883 simplicem
891 2799 944 2864 veri

85 2928 205 2981 censum
238 2907 382 2986 dirigunt,
417 2905 470 2964 seu
499 2905 688 2969 declinabiles
721 2916 944 2989 etsequcces1

82 3015 157 3074 luent
185 3016 213 3073 in
246 3030 357 3071 emnem
385 3010 566 3073 voluntatem
597 3019 767 3090 magnetum
801 3023 833 3073 et
864 3014 944 3073 multu

82 3117 131 3197 qui
152 3115 335 3177 dominentur
363 3115 391 3175 in
413 3123 504 3176 terrs.
546 3117 604 3176 Eri
634 3137 710 3199 ergo
734 3139 863 3183 sensus:
899 3117 944 3177 tie

81 3221 188 3279 victum
211 3221 406 3292 arbitrantur,
438 3229 469 3280 et
490 3229 640 3282 contemta
661 3243 754 3285 censs
775 3243 815 3284 eu
837 3231 944 3302 spectu

79 3322 147 3382 illuc
181 3326 284 3385 ocules
321 3325 490 3406 intendunt,
525 3327 573 3384 nbi
606 3329 700 3407 adeps
738 3349 842 3388 eorum
873 3327 944 3387 eleur

79 3422 214 3504 quidquid
236 3429 276 3487 iiii
296 3410 469 3501 moliuntur,
502 3432 557 3490 inec
579 3431 657 3509 repit
680 3440 712 3492 et
732 3433 815 3493 ducit
836 3450 932 3492 eurum

76 3526 134 3597 lnr,
155 3529 220 3590 hnic
243 3524 374 3594 annuunt
404 3541 436 3593 et
456 3535 650 3614 applaudunt,
674 3542 707 3596 et
720 3536 756 3613 ,in
778 3539 837 3599 lruc
859 3532 944 3617 perlit

77 3640 163 3715 suut,
196 3635 263 3713 quin
292 3646 455 3714 pesuerunt
493 3648 525 3699 et
551 3648 730 3702 statuerunt
760 3641 806 3703 its
837 3641 944 3705 tectim
