2286 4042
10 338 27 413 ²¹
65 395 310 463 ιιιιιιιιι-ιιίι,
352 401 470 462 Interim
500 401 634 463 christun
664 402 839 465 fermentum
861 411 925 478 est,
954 407 1009 469 ulr-

345 205 701 289 *Psatnnsnonnsz
753 197 775 267 ’.
841 163 863 199 ,Ι
949 218 1045 279 115·

10 538 12 551 =
65 501 226 562 sconditum
254 499 284 559 iu
306 500 381 560 sutis
413 502 507 563 tribus
532 499 668 576 iurinue,
697 505 791 564 donee
814 503 1008 567 fermentetur

10 614 13 663 ἱ
64 607 171 672 tutum,
193 601 251 660 hue
274 599 347 661 eninr
370 600 452 682 ugit,
477 601 534 663 hue
552 602 689 681 judicium
712 605 777 683 ejus
800 612 866 681 est,
888 605 935 664 hie
957 613 1006 667 est

64 700 182 761 tironus
205 700 271 780 ejus
293 699 321 760 in
342 699 400 760 hun
430 708 562 780 tempure
585 704 638 778 (ut
659 681 818 781 diluimus),
851 704 929 783 quud
951 724 1005 769 ex·

63 786 167 880 purget
188 806 345 878 peceutunr
374 799 403 860 in
431 797 566 862 fidelibus
596 801 675 874 suis,
709 809 742 863 et
769 801 869 862 imbuit
885 803 1006 883 justitie

62 917 107 977 per
136 918 173 959 se
202 898 312 976 ipsum,
342 896 421 960 sieut
441 898 520 961 Hel).
545 907 572 962 l.
595 900 683 964 dicite
724 900 874 974 „Pnrteus
909 902 1007 965 omniu·

62 999 148 1058 rerlrn
171 997 292 1058 virtutis
309 1019 393 1081 sune,
416 1000 620 1079 purgationem
636 984 827 1078 peecato'rum
840 1019 894 1078 per
910 1011 1006 1063 semet

63 1094 153 1177 ipsun
167 1096 293 1169 iueiens,
316 1099 402 1159 sedet
413 1099 450 1158 ud
467 1100 601 1159 dextrum
616 1098 784 1181 mejestatis
800 1098 828 1159 in
842 1098 1005 1164 excelsis.“

10 1236 12 1255 '
81 1216 88 1222 ’
139 1232 184 1292 Et
218 1232 354 1312 pulchre,
394 1232 466 1292 lieet
501 1235 587 1311 prule
618 1234 789 1315 obscurius,
821 1210 868 1294 lrie
898 1216 1004 1294 versus

14 2896 18 2911 ,
60 2839 141 2903 uires
165 2839 379 2920 cogitationes,
402 2841 537 2922 quidnam
559 2842 596 2903 de
618 2840 814 2923 singularibus
836 2846 868 2900 et
878 2835 1001 2917 privetis
1104 2898 1107 2903 ,

59 2937 152 3000 missis
176 2938 362 3000 sentiendum
384 2941 442 3022 sit,
474 2941 503 3002 iu
532 2941 634 3021 quibus
658 2959 786 3020 prorsus
807 2938 836 2999 id
856 2956 914 2998 nou
936 2935 1002 3015 sgi-
1113 2954 1117 2964 “

62 1328 236 1392 sucrificium
269 1330 389 1404 elturis,
421 1331 451 1392 id
473 1337 538 1404 est,
560 1333 694 1405 missum,
722 1333 843 1400 videtur¹
861 1339 1005 1396 tractare·
1070 1333 1081 1395 .’

59 1429 123 1491 llue
146 1431 221 1491 enim
243 1430 294 1516 egi
315 1430 404 1491 debet
432 1430 461 1490 in
483 1431 590 1502 misse,
613 1432 752 1511 primum,
774 1439 808 1491 ut
830 1416 1024 1492 enarrentur¹

61 1527 160 1591 leudes
189 1512 262 1603 Dei,
292 1529 339 1607 (id
372 1538 437 1603 est,
468 1528 670 1610 evengelium)
704 1525 734 1590 in
763 1549 820 1610 quo
848 1529 1003 1609 mirabilia,

62 1631 174 1712 eludis,
207 1650 318 1710 npetu,
347 1627 493 1690 beneficia
521 1629 578 1691 Dei
609 1630 832 1710 praedicuntur,
862 1629 947 1710 idque
974 1628 1005 1689 ln

60 1729 150 1806 portis
178 1725 258 1789 filine
292 1728 382 1800 Zion,
425 1730 455 1789 id
483 1738 550 1802 est,
583 1729 612 1790 in
641 1729 834 1791 conventibus
864 1725 1003 1806 fidelium,

61 1827 177 1902 deinde,
206 1837 239 1888 ut
260 1829 473 1890 fermententur
494 1829 592 1909 pupuli
623 1828 747 1890 salutari
774 1827 944 1902 fermento,
973 1826 1003 1889 id

33 2006 36 2014 ι
60 1937 112 2000 ert,
133 1928 300 1989 imbuuntur
321 1936 353 1989 et
380 1925 552 1990 reficiuntur
579 1929 708 2001 Christo,
728 1936 763 1987 ut
785 1927 938 1988 exsultare
959 1925 1003 1987 di·

60 2037 145 2090 teunt
173 2028 204 2088 in
235 2027 449 2091 saturninos
489 2028 548 2088 Est
583 2029 658 2089 enim
686 2047 793 2089 mensu
813 2027 873 2086 istu
902 2043 1004 2086 mensu

60 2127 184 2190 convivii
204 2127 304 2209 megni
325 2133 358 2186 et
376 2126 515 2207 jucundi,
547 2147 566 2188 e
598 2127 759 2209 quereret
780 2127 919 2188 delemus
938 2144 1003 2187 cum

58 2221 180 2288 Ιιιιὶιῑι.
224 2229 329 2287 Verum
350 2228 408 2286 line
429 2225 486 2287 illis
508 2227 684 2300 conueniet,
717 2226 765 2307 qui
786 2225 1003 2287 tribulationem

59 2332 89 2387 et
106 2324 301 2387 humilitatem
323 2343 364 2388 ex
383 2325 506 2420 inimicis
522 2327 686 2406 patiuntur,
708 2327 786 2389 siunt
800 2324 1002 2406 praecedente
1129 2408 1131 2413 ,

57 2443 143 2489 ιιιιιι
165 2426 285 2491 dieitur.

12 2566 15 2571 ·
134 2528 212 2604 (inin
234 2549 332 2604 sutem
354 2548 386 2605 et
408 2542 473 2604 eliis
493 2542 569 2605 lueis
584 2542 715 2605 omnibns
737 2541 902 2621 scripturus
922 2537 1003 2605 istud
1037 2582 1040 2587 ,

59 2638 239 2703 nerifieium
267 2642 296 2704 iu
326 2651 358 2704 et
384 2663 438 2722 pro
470 2652 622 2705 conventu
642 2641 833 2702 multitudinis
859 2639 1026 2721 eelelrrerl¹
1084 2695 1087 2698 ,

59 2747 224 2812 stutuutur,
257 2763 317 2823 ego
347 2743 476 2821 saepius
504 2761 617 2821 pessus·
644 2761 706 2803 sum
736 2747 769 2802 st
789 2741 885 2800 adnue
905 2737 1002 2817 petinr

60 3041 116 3111 tur,
148 3039 188 3099 sd
223 3038 301 3119 quod
328 3039 492 3101 institutum
525 3048 574 3100 est
601 3041 658 3101 tun
685 3036 870 3118 mysterium,
906 3054 1000 3115 neque
1062 3034 1069 3041 ”

60 3139 246 3215 praedicetur
266 3137 320 3212 ibi,
352 3159 409 3201 nee
431 3139 675 3212 eummnnieutur,
695 3138 752 3199 uisi
771 3137 802 3197 id
821 3134 924 3195 leudes
944 3134 1002 3195 Dei
1118 3145 1120 3148 ⁴

63 3255 218 3300 eusrrssse
240 3236 371 3321 dixeris,
407 3240 484 3319 quod
513 3248 562 3300 est
590 3239 776 3320 euangelium
805 3237 840 3298 ul)
861 3255 919 3296 uno
939 3234 1001 3317 legi

63 3337 215 3411 tteudiri,
236 3337 444 3419 uerissimeque
464 3339 599 3421 intelligi,
621 3345 654 3399 st
673 3338 703 3398 id
724 3332 928 3399 communituri
947 3353 1000 3414 pu-

55 3439 113 3525 lsu,
135 3437 218 3519 quud
241 3443 290 3498 est
311 3458 398 3499 unum
419 3438 582 3499 solitarium
603 3437 753 3508 huminem,
775 3433 824 3516 qui
845 3433 1000 3495 cummuni·

64 3538 103 3597 ltu
131 3536 193 3599 diei
221 3555 281 3598 nnn
302 3544 422 3616 potest,
456 3546 643 3600 suerumentn
663 3538 730 3599 istn-
744 3536 798 3600 uti·
839 3535 912 3599 llum
932 3534 999 3594 illus

12 3654 15 3661 ·
65 3635 213 3701 tridentes
241 3654 343 3701 errare
369 3635 542 3730 pronuntio,
575 3635 624 3721 qui
649 3635 678 3702 in
692 3718 695 3725 .
710 3637 768 3702 line
789 3639 910 3719 tuntum
926 3632 1008 3732 eels-

705 3734 799 3816 su,
859 3732 875 3765 ’-
